2026-03-10 15:34:09,217 | DEBUG    | cryptobot.websocket | Received message: {"stream":"btcusdt@trade","data":{"e":"trade","E":1773137042254,"s":"BTCUSDT","t":6087479722,"p":"70993.46000000","q":"0.00008000","T":1773137042253,"m":false,"M":true}}...
2026-03-10 15:34:09,219 | DEBUG    | cryptobot.websocket | Combined stream: btcusdt@trade
2026-03-10 15:34:09,220 | DEBUG    | cryptobot.main | Running strategy analysis for BTCUSDT
2026-03-10 15:34:09,220 | DEBUG    | cryptobot.websocket | Received message: {"stream":"btcusdt@trade","data":{"e":"trade","E":1773137042254,"s":"BTCUSDT","t":6087479723,"p":"70993.46000000","q":"0.00008000","T":1773137042253,"m":false,"M":true}}...
2026-03-10 15:34:09,221 | DEBUG    | cryptobot.websocket | Combined stream: btcusdt@trade
2026-03-10 15:34:09,221 | DEBUG    | cryptobot.main | Running strategy analysis for BTCUSDT
2026-03-10 15:34:09,222 | DEBUG    | cryptobot.websocket | Received message: {"stream":"btcusdt@trade","data":{"e":"trade","E":1773137042254,"s":"BTCUSDT","t":6087479724,"p":"70993.46000000","q":"0.00008000","T":1773137042253,"m":false,"M":true}}...
2026-03-10 15:34:09,222 | DEBUG    | cryptobot.websocket | Combined stream: btcusdt@trade
2026-03-10 15:34:09,222 | DEBUG    | cryptobot.main | Running strategy analysis for BTCUSDT
2026-03-10 15:34:09,223 | DEBUG    | cryptobot.websocket | Received message: {"stream":"btcusdt@trade","data":{"e":"trade","E":1773137042254,"s":"BTCUSDT","t":6087479725,"p":"70993.46000000","q":"0.00008000","T":1773137042253,"m":false,"M":true}}...
2026-03-10 15:34:09,223 | DEBUG    | cryptobot.websocket | Combined stream: btcusdt@trade
2026-03-10 15:34:09,223 | DEBUG    | cryptobot.main | Running strategy analysis for BTCUSDT
2026-03-10 15:34:09,224 | DEBUG    | cryptobot.websocket | Received message: {"stream":"btcusdt@trade","data":{"e":"trade","E":1773137042254,"s":"BTCUSDT","t":6087479726,"p":"70993.46000000","q":"0.00008000","T":1773137042253,"m":false,"M":true}}...
2026-03-10 15:34:09,224 | DEBUG    | cryptobot.websocket | Combined stream: btcusdt@trade
2026-03-10 15:34:09,228 | DEBUG    | cryptobot.main | Running strategy analysis for BTCUSDT
2026-03-10 15:34:09,230 | DEBUG    | cryptobot.websocket | Received message: {"stream":"btcusdt@trade","data":{"e":"trade","E":1773137042254,"s":"BTCUSDT","t":6087479727,"p":"70993.46000000","q":"0.00008000","T":1773137042253,"m":false,"M":true}}...
2026-03-10 15:34:09,233 | DEBUG    | cryptobot.websocket | Combined stream: btcusdt@trade
2026-03-10 15:34:09,236 | DEBUG    | cryptobot.main | Running strategy analysis for BTCUSDT
2026-03-10 15:34:09,238 | DEBUG    | cryptobot.websocket | Received message: {"stream":"btcusdt@trade","data":{"e":"trade","E":1773137042254,"s":"BTCUSDT","t":6087479728,"p":"70993.46000000","q":"0.00008000","T":1773137042253,"m":false,"M":true}}...
2026-03-10 15:34:09,240 | DEBUG    | cryptobot.websocket | Combined stream: btcusdt@trade
2026-03-10 15:34:09,241 | DEBUG    | cryptobot.main | Running strategy analysis for BTCUSDT
2026-03-10 15:34:09,243 | DEBUG    | cryptobot.websocket | Received message: {"stream":"btcusdt@trade","data":{"e":"trade","E":1773137042254,"s":"BTCUSDT","t":6087479729,"p":"70993.46000000","q":"0.00008000","T":1773137042253,"m":false,"M":true}}...
2026-03-10 15:34:09,244 | DEBUG    | cryptobot.websocket | Combined stream: btcusdt@trade
2026-03-10 15:34:09,244 | DEBUG    | cryptobot.main | Running strategy analysis for BTCUSDT
2026-03-10 15:34:09,246 | DEBUG    | cryptobot.websocket | Received message: {"stream":"btcusdt@trade","data":{"e":"trade","E":1773137042254,"s":"BTCUSDT","t":6087479730,"p":"70993.47000000","q":"0.00008000","T":1773137042253,"m":false,"M":true}}...
2026-03-10 15:34:09,247 | DEBUG    | cryptobot.websocket | Combined stream: btcusdt@trade
2026-03-10 15:34:09,247 | DEBUG    | cryptobot.main | Running strategy analysis for BTCUSDT
2026-03-10 15:34:09,248 | DEBUG    | cryptobot.websocket | Received message: {"stream":"btcusdt@trade","data":{"e":"trade","E":1773137042254,"s":"BTCUSDT","t":6087479731,"p":"70993.47000000","q":"0.00008000","T":1773137042253,"m":false,"M":true}}...
2026-03-10 15:34:09,248 | DEBUG    | cryptobot.websocket | Combined stream: btcusdt@trade
2026-03-10 15:34:09,249 | DEBUG    | cryptobot.main | Running strategy analysis for BTCUSDT
2026-03-10 15:34:09,249 | DEBUG    | cryptobot.websocket | Received message: {"stream":"btcusdt@trade","data":{"e":"trade","E":1773137042254,"s":"BTCUSDT","t":6087479732,"p":"70994.94000000","q":"0.00300000","T":1773137042253,"m":false,"M":true}}...
2026-03-10 15:34:09,249 | DEBUG    | cryptobot.websocket | Combined stream: btcusdt@trade
2026-03-10 15:34:09,250 | DEBUG    | cryptobot.main | Running strategy analysis for BTCUSDT
2026-03-10 15:34:09,250 | DEBUG    | cryptobot.websocket | Received message: {"stream":"btcusdt@trade","data":{"e":"trade","E":1773137042254,"s":"BTCUSDT","t":6087479733,"p":"70994.99000000","q":"0.00008000","T":1773137042253,"m":false,"M":true}}...
2026-03-10 15:34:09,251 | DEBUG    | cryptobot.websocket | Combined stream: btcusdt@trade
2026-03-10 15:34:09,251 | DEBUG    | cryptobot.main | Running strategy analysis for BTCUSDT
2026-03-10 15:34:09,252 | DEBUG    | cryptobot.websocket | Received message: {"stream":"btcusdt@trade","data":{"e":"trade","E":1773137042254,"s":"BTCUSDT","t":6087479734,"p":"70994.99000000","q":"0.00008000","T":1773137042253,"m":false,"M":true}}...
2026-03-10 15:34:09,252 | DEBUG    | cryptobot.websocket | Combined stream: btcusdt@trade
2026-03-10 15:34:09,253 | DEBUG    | cryptobot.main | Running strategy analysis for BTCUSDT
2026-03-10 15:34:09,253 | DEBUG    | cryptobot.websocket | Received message: {"stream":"btcusdt@trade","data":{"e":"trade","E":1773137042254,"s":"BTCUSDT","t":6087479735,"p":"70995.14000000","q":"0.00008000","T":1773137042253,"m":false,"M":true}}...
2026-03-10 15:34:09,253 | DEBUG    | cryptobot.websocket | Combined stream: btcusdt@trade
2026-03-10 15:34:09,254 | DEBUG    | cryptobot.main | Running strategy analysis for BTCUSDT
2026-03-10 15:34:09,254 | DEBUG    | cryptobot.websocket | Received message: {"stream":"btcusdt@trade","data":{"e":"trade","E":1773137042254,"s":"BTCUSDT","t":6087479736,"p":"70995.14000000","q":"0.00008000","T":1773137042253,"m":false,"M":true}}...
2026-03-10 15:34:09,254 | DEBUG    | cryptobot.websocket | Combined stream: btcusdt@trade
2026-03-10 15:34:09,254 | DEBUG    | cryptobot.main | Running strategy analysis for BTCUSDT
2026-03-10 15:34:09,255 | DEBUG    | cryptobot.websocket | Received message: {"stream":"btcusdt@trade","data":{"e":"trade","E":1773137042254,"s":"BTCUSDT","t":6087479737,"p":"70995.39000000","q":"0.00008000","T":1773137042253,"m":false,"M":true}}...
2026-03-10 15:34:09,255 | DEBUG    | cryptobot.websocket | Combined stream: btcusdt@trade
2026-03-10 15:34:09,255 | DEBUG    | cryptobot.main | Running strategy analysis for BTCUSDT
2026-03-10 15:34:09,256 | DEBUG    | cryptobot.websocket | Received message: {"stream":"btcusdt@trade","data":{"e":"trade","E":1773137042254,"s":"BTCUSDT","t":6087479738,"p":"70995.39000000","q":"0.00008000","T":1773137042253,"m":false,"M":true}}...
2026-03-10 15:34:09,256 | DEBUG    | cryptobot.websocket | Combined stream: btcusdt@trade
2026-03-10 15:34:09,256 | DEBUG    | cryptobot.main | Running strategy analysis for BTCUSDT
2026-03-10 15:34:09,257 | DEBUG    | cryptobot.websocket | Received message: {"stream":"btcusdt@trade","data":{"e":"trade","E":1773137042254,"s":"BTCUSDT","t":6087479739,"p":"70995.39000000","q":"0.00008000","T":1773137042253,"m":false,"M":true}}...
2026-03-10 15:34:09,257 | DEBUG    | cryptobot.websocket | Combined stream: btcusdt@trade
2026-03-10 15:34:09,257 | DEBUG    | cryptobot.main | Running strategy analysis for BTCUSDT
2026-03-10 15:34:09,258 | DEBUG    | cryptobot.websocket | Received message: {"stream":"btcusdt@trade","data":{"e":"trade","E":1773137042254,"s":"BTCUSDT","t":6087479740,"p":"70995.39000000","q":"0.00008000","T":1773137042253,"m":false,"M":true}}...
2026-03-10 15:34:09,258 | DEBUG    | cryptobot.websocket | Combined stream: btcusdt@trade
2026-03-10 15:34:09,258 | DEBUG    | cryptobot.main | Running strategy analysis for BTCUSDT
2026-03-10 15:34:09,258 | DEBUG    | cryptobot.websocket | Received message: {"stream":"btcusdt@trade","data":{"e":"trade","E":1773137042254,"s":"BTCUSDT","t":6087479741,"p":"70995.39000000","q":"0.00008000","T":1773137042253,"m":false,"M":true}}...
2026-03-10 15:34:09,259 | DEBUG    | cryptobot.websocket | Combined stream: btcusdt@trade
2026-03-10 15:34:09,259 | DEBUG    | cryptobot.main | Running strategy analysis for BTCUSDT
2026-03-10 15:34:09,259 | DEBUG    | cryptobot.websocket | Received message: {"stream":"btcusdt@trade","data":{"e":"trade","E":1773137042254,"s":"BTCUSDT","t":6087479742,"p":"70995.40000000","q":"0.00008000","T":1773137042253,"m":false,"M":true}}...
2026-03-10 15:34:09,259 | DEBUG    | cryptobot.websocket | Combined stream: btcusdt@trade
2026-03-10 15:34:09,259 | DEBUG    | cryptobot.main | Running strategy analysis for BTCUSDT
2026-03-10 15:34:09,260 | DEBUG    | cryptobot.websocket | Received message: {"stream":"btcusdt@trade","data":{"e":"trade","E":1773137042254,"s":"BTCUSDT","t":6087479743,"p":"70995.40000000","q":"0.00008000","T":1773137042253,"m":false,"M":true}}...
2026-03-10 15:34:09,260 | DEBUG    | cryptobot.websocket | Combined stream: btcusdt@trade
2026-03-10 15:34:09,260 | DEBUG    | cryptobot.main | Running strategy analysis for BTCUSDT
2026-03-10 15:34:09,260 | DEBUG    | cryptobot.websocket | Received message: {"stream":"btcusdt@trade","data":{"e":"trade","E":1773137042254,"s":"BTCUSDT","t":6087479744,"p":"70995.40000000","q":"0.00008000","T":1773137042253,"m":false,"M":true}}...
2026-03-10 15:34:09,261 | DEBUG    | cryptobot.websocket | Combined stream: btcusdt@trade
2026-03-10 15:34:09,262 | DEBUG    | cryptobot.main | Running strategy analysis for BTCUSDT
2026-03-10 15:34:09,262 | DEBUG    | cryptobot.websocket | Received message: {"stream":"btcusdt@trade","data":{"e":"trade","E":1773137042254,"s":"BTCUSDT","t":6087479745,"p":"70995.40000000","q":"0.00008000","T":1773137042253,"m":false,"M":true}}...
2026-03-10 15:34:09,263 | DEBUG    | cryptobot.websocket | Combined stream: btcusdt@trade
2026-03-10 15:34:09,266 | DEBUG    | cryptobot.main | Running strategy analysis for BTCUSDT
2026-03-10 15:34:09,266 | DEBUG    | cryptobot.websocket | Received message: {"stream":"btcusdt@trade","data":{"e":"trade","E":1773137042254,"s":"BTCUSDT","t":6087479746,"p":"70995.40000000","q":"0.00008000","T":1773137042253,"m":false,"M":true}}...
2026-03-10 15:34:09,266 | DEBUG    | cryptobot.websocket | Combined stream: btcusdt@trade
2026-03-10 15:34:09,267 | DEBUG    | cryptobot.main | Running strategy analysis for BTCUSDT
2026-03-10 15:34:09,268 | DEBUG    | cryptobot.websocket | Received message: {"stream":"btcusdt@trade","data":{"e":"trade","E":1773137042254,"s":"BTCUSDT","t":6087479747,"p":"70995.41000000","q":"0.00008000","T":1773137042253,"m":false,"M":true}}...
2026-03-10 15:34:09,268 | DEBUG    | cryptobot.websocket | Combined stream: btcusdt@trade
2026-03-10 15:34:09,268 | DEBUG    | cryptobot.main | Running strategy analysis for BTCUSDT
2026-03-10 15:34:09,269 | DEBUG    | cryptobot.websocket | Received message: {"stream":"btcusdt@trade","data":{"e":"trade","E":1773137042254,"s":"BTCUSDT","t":6087479748,"p":"70995.41000000","q":"0.00008000","T":1773137042253,"m":false,"M":true}}...
2026-03-10 15:34:09,269 | DEBUG    | cryptobot.websocket | Combined stream: btcusdt@trade
2026-03-10 15:34:09,269 | DEBUG    | cryptobot.main | Running strategy analysis for BTCUSDT
2026-03-10 15:34:09,269 | DEBUG    | cryptobot.websocket | Received message: {"stream":"btcusdt@trade","data":{"e":"trade","E":1773137042254,"s":"BTCUSDT","t":6087479749,"p":"70995.59000000","q":"0.00008000","T":1773137042253,"m":false,"M":true}}...
2026-03-10 15:34:09,269 | DEBUG    | cryptobot.websocket | Combined stream: btcusdt@trade
2026-03-10 15:34:09,269 | DEBUG    | cryptobot.main | Running strategy analysis for BTCUSDT
2026-03-10 15:34:09,270 | DEBUG    | cryptobot.websocket | Received message: {"stream":"btcusdt@trade","data":{"e":"trade","E":1773137042254,"s":"BTCUSDT","t":6087479750,"p":"70997.56000000","q":"0.00011000","T":1773137042253,"m":false,"M":true}}...
2026-03-10 15:34:09,270 | DEBUG    | cryptobot.websocket | Combined stream: btcusdt@trade
2026-03-10 15:34:09,270 | DEBUG    | cryptobot.main | Running strategy analysis for BTCUSDT
2026-03-10 15:34:09,270 | DEBUG    | cryptobot.websocket | Received message: {"stream":"btcusdt@trade","data":{"e":"trade","E":1773137042254,"s":"BTCUSDT","t":6087479751,"p":"70997.77000000","q":"0.00008000","T":1773137042253,"m":false,"M":true}}...
2026-03-10 15:34:09,270 | DEBUG    | cryptobot.websocket | Combined stream: btcusdt@trade
2026-03-10 15:34:09,270 | DEBUG    | cryptobot.main | Running strategy analysis for BTCUSDT
2026-03-10 15:34:09,271 | DEBUG    | cryptobot.websocket | Received message: {"stream":"btcusdt@trade","data":{"e":"trade","E":1773137042254,"s":"BTCUSDT","t":6087479752,"p":"70997.78000000","q":"0.00008000","T":1773137042253,"m":false,"M":true}}...
2026-03-10 15:34:09,271 | DEBUG    | cryptobot.websocket | Combined stream: btcusdt@trade
2026-03-10 15:34:09,271 | DEBUG    | cryptobot.main | Running strategy analysis for BTCUSDT
2026-03-10 15:34:09,271 | DEBUG    | cryptobot.websocket | Received message: {"stream":"btcusdt@trade","data":{"e":"trade","E":1773137042254,"s":"BTCUSDT","t":6087479753,"p":"70998.46000000","q":"0.00008000","T":1773137042253,"m":false,"M":true}}...
2026-03-10 15:34:09,271 | DEBUG    | cryptobot.websocket | Combined stream: btcusdt@trade
2026-03-10 15:34:09,272 | DEBUG    | cryptobot.main | Running strategy analysis for BTCUSDT
2026-03-10 15:34:09,272 | DEBUG    | cryptobot.websocket | Received message: {"stream":"btcusdt@trade","data":{"e":"trade","E":1773137042254,"s":"BTCUSDT","t":6087479754,"p":"70998.46000000","q":"0.00008000","T":1773137042253,"m":false,"M":true}}...
2026-03-10 15:34:09,273 | DEBUG    | cryptobot.websocket | Combined stream: btcusdt@trade
2026-03-10 15:34:09,273 | DEBUG    | cryptobot.main | Running strategy analysis for BTCUSDT
2026-03-10 15:34:09,273 | DEBUG    | cryptobot.websocket | Received message: {"stream":"btcusdt@trade","data":{"e":"trade","E":1773137042254,"s":"BTCUSDT","t":6087479755,"p":"70998.46000000","q":"0.00008000","T":1773137042253,"m":false,"M":true}}...
2026-03-10 15:34:09,273 | DEBUG    | cryptobot.websocket | Combined stream: btcusdt@trade
2026-03-10 15:34:09,273 | DEBUG    | cryptobot.main | Running strategy analysis for BTCUSDT
2026-03-10 15:34:09,274 | DEBUG    | cryptobot.websocket | Received message: {"stream":"btcusdt@trade","data":{"e":"trade","E":1773137042254,"s":"BTCUSDT","t":6087479756,"p":"70998.46000000","q":"0.00008000","T":1773137042253,"m":false,"M":true}}...
2026-03-10 15:34:09,274 | DEBUG    | cryptobot.websocket | Combined stream: btcusdt@trade
2026-03-10 15:34:09,274 | DEBUG    | cryptobot.main | Running strategy analysis for BTCUSDT
2026-03-10 15:34:09,274 | DEBUG    | cryptobot.websocket | Received message: {"stream":"btcusdt@trade","data":{"e":"trade","E":1773137042254,"s":"BTCUSDT","t":6087479757,"p":"70998.86000000","q":"0.00008000","T":1773137042253,"m":false,"M":true}}...
2026-03-10 15:34:09,274 | DEBUG    | cryptobot.websocket | Combined stream: btcusdt@trade
2026-03-10 15:34:09,274 | DEBUG    | cryptobot.main | Running strategy analysis for BTCUSDT
2026-03-10 15:34:09,274 | DEBUG    | cryptobot.websocket | Received message: {"stream":"btcusdt@trade","data":{"e":"trade","E":1773137042254,"s":"BTCUSDT","t":6087479758,"p":"70998.86000000","q":"0.00008000","T":1773137042253,"m":false,"M":true}}...
2026-03-10 15:34:09,275 | DEBUG    | cryptobot.websocket | Combined stream: btcusdt@trade
2026-03-10 15:34:09,275 | DEBUG    | cryptobot.main | Running strategy analysis for BTCUSDT
2026-03-10 15:34:09,275 | DEBUG    | cryptobot.websocket | Received message: {"stream":"btcusdt@trade","data":{"e":"trade","E":1773137042254,"s":"BTCUSDT","t":6087479759,"p":"70999.14000000","q":"0.00008000","T":1773137042253,"m":false,"M":true}}...
2026-03-10 15:34:09,275 | DEBUG    | cryptobot.websocket | Combined stream: btcusdt@trade
2026-03-10 15:34:09,276 | DEBUG    | cryptobot.main | Running strategy analysis for BTCUSDT
2026-03-10 15:34:09,276 | DEBUG    | cryptobot.websocket | Received message: {"stream":"btcusdt@trade","data":{"e":"trade","E":1773137042254,"s":"BTCUSDT","t":6087479760,"p":"70999.14000000","q":"0.00008000","T":1773137042253,"m":false,"M":true}}...
2026-03-10 15:34:09,276 | DEBUG    | cryptobot.websocket | Combined stream: btcusdt@trade
2026-03-10 15:34:09,277 | DEBUG    | cryptobot.main | Running strategy analysis for BTCUSDT
2026-03-10 15:34:09,277 | DEBUG    | cryptobot.websocket | Received message: {"stream":"btcusdt@trade","data":{"e":"trade","E":1773137042254,"s":"BTCUSDT","t":6087479761,"p":"70999.14000000","q":"0.00008000","T":1773137042253,"m":false,"M":true}}...
2026-03-10 15:34:09,277 | DEBUG    | cryptobot.websocket | Combined stream: btcusdt@trade
2026-03-10 15:34:09,277 | DEBUG    | cryptobot.main | Running strategy analysis for BTCUSDT
2026-03-10 15:34:09,278 | DEBUG    | cryptobot.websocket | Received message: {"stream":"btcusdt@trade","data":{"e":"trade","E":1773137042254,"s":"BTCUSDT","t":6087479762,"p":"70999.14000000","q":"0.00008000","T":1773137042253,"m":false,"M":true}}...
2026-03-10 15:34:09,278 | DEBUG    | cryptobot.websocket | Combined stream: btcusdt@trade
2026-03-10 15:34:09,279 | DEBUG    | cryptobot.main | Running strategy analysis for BTCUSDT
2026-03-10 15:34:09,279 | DEBUG    | cryptobot.websocket | Received message: {"stream":"btcusdt@trade","data":{"e":"trade","E":1773137042286,"s":"BTCUSDT","t":6087479763,"p":"70999.15000000","q":"0.00008000","T":1773137042285,"m":false,"M":true}}...
2026-03-10 15:34:09,279 | DEBUG    | cryptobot.websocket | Combined stream: btcusdt@trade
2026-03-10 15:34:09,279 | DEBUG    | cryptobot.main | Running strategy analysis for BTCUSDT
2026-03-10 15:34:09,279 | DEBUG    | cryptobot.websocket | Received message: {"stream":"btcusdt@trade","data":{"e":"trade","E":1773137042286,"s":"BTCUSDT","t":6087479764,"p":"70999.15000000","q":"0.00008000","T":1773137042285,"m":false,"M":true}}...
2026-03-10 15:34:09,280 | DEBUG    | cryptobot.websocket | Combined stream: btcusdt@trade
2026-03-10 15:34:09,280 | DEBUG    | cryptobot.main | Running strategy analysis for BTCUSDT
2026-03-10 15:34:09,280 | DEBUG    | cryptobot.websocket | Received message: {"stream":"btcusdt@trade","data":{"e":"trade","E":1773137042286,"s":"BTCUSDT","t":6087479765,"p":"70999.15000000","q":"0.07609000","T":1773137042285,"m":false,"M":true}}...
2026-03-10 15:34:09,280 | DEBUG    | cryptobot.websocket | Combined stream: btcusdt@trade
2026-03-10 15:34:09,281 | DEBUG    | cryptobot.main | Running strategy analysis for BTCUSDT
2026-03-10 15:34:09,281 | DEBUG    | cryptobot.websocket | Received message: {"stream":"btcusdt@trade","data":{"e":"trade","E":1773137042286,"s":"BTCUSDT","t":6087479766,"p":"70999.15000000","q":"0.00008000","T":1773137042285,"m":false,"M":true}}...
2026-03-10 15:34:09,281 | DEBUG    | cryptobot.websocket | Combined stream: btcusdt@trade
2026-03-10 15:34:09,281 | DEBUG    | cryptobot.main | Running strategy analysis for BTCUSDT
2026-03-10 15:34:09,281 | DEBUG    | cryptobot.websocket | Received message: {"stream":"btcusdt@trade","data":{"e":"trade","E":1773137042286,"s":"BTCUSDT","t":6087479767,"p":"70999.15000000","q":"0.00016000","T":1773137042285,"m":false,"M":true}}...
2026-03-10 15:34:09,282 | DEBUG    | cryptobot.websocket | Combined stream: btcusdt@trade
2026-03-10 15:34:09,282 | DEBUG    | cryptobot.main | Running strategy analysis for BTCUSDT
2026-03-10 15:34:09,282 | DEBUG    | cryptobot.websocket | Received message: {"stream":"btcusdt@trade","data":{"e":"trade","E":1773137042286,"s":"BTCUSDT","t":6087479768,"p":"70999.15000000","q":"0.00008000","T":1773137042285,"m":false,"M":true}}...
2026-03-10 15:34:09,282 | DEBUG    | cryptobot.websocket | Combined stream: btcusdt@trade
2026-03-10 15:34:09,283 | DEBUG    | cryptobot.main | Running strategy analysis for BTCUSDT
2026-03-10 15:34:09,283 | DEBUG    | cryptobot.websocket | Received message: {"stream":"btcusdt@trade","data":{"e":"trade","E":1773137042286,"s":"BTCUSDT","t":6087479769,"p":"70999.15000000","q":"0.00008000","T":1773137042285,"m":false,"M":true}}...
2026-03-10 15:34:09,283 | DEBUG    | cryptobot.websocket | Combined stream: btcusdt@trade
2026-03-10 15:34:09,284 | DEBUG    | cryptobot.main | Running strategy analysis for BTCUSDT
2026-03-10 15:34:09,284 | DEBUG    | cryptobot.websocket | Received message: {"stream":"btcusdt@trade","data":{"e":"trade","E":1773137042286,"s":"BTCUSDT","t":6087479770,"p":"70999.15000000","q":"0.00008000","T":1773137042285,"m":false,"M":true}}...
2026-03-10 15:34:09,284 | DEBUG    | cryptobot.websocket | Combined stream: btcusdt@trade
2026-03-10 15:34:09,284 | DEBUG    | cryptobot.main | Running strategy analysis for BTCUSDT
2026-03-10 15:34:09,285 | DEBUG    | cryptobot.websocket | Received message: {"stream":"btcusdt@trade","data":{"e":"trade","E":1773137042286,"s":"BTCUSDT","t":6087479771,"p":"70999.15000000","q":"0.00008000","T":1773137042285,"m":false,"M":true}}...
2026-03-10 15:34:09,285 | DEBUG    | cryptobot.websocket | Combined stream: btcusdt@trade
2026-03-10 15:34:09,285 | DEBUG    | cryptobot.main | Running strategy analysis for BTCUSDT
2026-03-10 15:34:09,285 | DEBUG    | cryptobot.websocket | Received message: {"stream":"btcusdt@trade","data":{"e":"trade","E":1773137042286,"s":"BTCUSDT","t":6087479772,"p":"70999.15000000","q":"0.00008000","T":1773137042285,"m":false,"M":true}}...
2026-03-10 15:34:09,286 | DEBUG    | cryptobot.websocket | Combined stream: btcusdt@trade
2026-03-10 15:34:09,286 | DEBUG    | cryptobot.main | Running strategy analysis for BTCUSDT
2026-03-10 15:34:09,286 | DEBUG    | cryptobot.websocket | Received message: {"stream":"btcusdt@trade","data":{"e":"trade","E":1773137042286,"s":"BTCUSDT","t":6087479773,"p":"70999.15000000","q":"0.00008000","T":1773137042285,"m":false,"M":true}}...
2026-03-10 15:34:09,286 | DEBUG    | cryptobot.websocket | Combined stream: btcusdt@trade
2026-03-10 15:34:09,287 | DEBUG    | cryptobot.main | Running strategy analysis for BTCUSDT
2026-03-10 15:34:09,287 | DEBUG    | cryptobot.websocket | Received message: {"stream":"btcusdt@trade","data":{"e":"trade","E":1773137042286,"s":"BTCUSDT","t":6087479774,"p":"70999.15000000","q":"0.00008000","T":1773137042285,"m":false,"M":true}}...
2026-03-10 15:34:09,287 | DEBUG    | cryptobot.websocket | Combined stream: btcusdt@trade
2026-03-10 15:34:09,287 | DEBUG    | cryptobot.main | Running strategy analysis for BTCUSDT
2026-03-10 15:34:09,288 | DEBUG    | cryptobot.websocket | Received message: {"stream":"btcusdt@trade","data":{"e":"trade","E":1773137042286,"s":"BTCUSDT","t":6087479775,"p":"70999.15000000","q":"0.05000000","T":1773137042285,"m":false,"M":true}}...
2026-03-10 15:34:09,288 | DEBUG    | cryptobot.websocket | Combined stream: btcusdt@trade
2026-03-10 15:34:09,288 | DEBUG    | cryptobot.main | Running strategy analysis for BTCUSDT
2026-03-10 15:34:09,288 | DEBUG    | cryptobot.websocket | Received message: {"stream":"btcusdt@trade","data":{"e":"trade","E":1773137042286,"s":"BTCUSDT","t":6087479776,"p":"70999.15000000","q":"0.00008000","T":1773137042285,"m":false,"M":true}}...
2026-03-10 15:34:09,289 | DEBUG    | cryptobot.websocket | Combined stream: btcusdt@trade
2026-03-10 15:34:09,289 | DEBUG    | cryptobot.main | Running strategy analysis for BTCUSDT
2026-03-10 15:34:09,289 | DEBUG    | cryptobot.websocket | Received message: {"stream":"btcusdt@trade","data":{"e":"trade","E":1773137042286,"s":"BTCUSDT","t":6087479777,"p":"70999.15000000","q":"0.18576000","T":1773137042285,"m":false,"M":true}}...
2026-03-10 15:34:09,289 | DEBUG    | cryptobot.websocket | Combined stream: btcusdt@trade
2026-03-10 15:34:09,289 | DEBUG    | cryptobot.orderflow.cvd | CVD swing detected: -0.0794 -> 0.1064
2026-03-10 15:34:09,289 | DEBUG    | cryptobot.main | Running strategy analysis for BTCUSDT
2026-03-10 15:34:09,976 | DEBUG    | cryptobot.websocket | Received message: {"stream":"btcusdt@ticker","data":{"e":"24hrTicker","E":1773137043027,"s":"BTCUSDT","p":"2963.23000000","P":"4.355","w":"69340.31645733","x":"68035.93000000","c":"70999.15000000","Q":"0.31289000","b":...
2026-03-10 15:34:09,977 | DEBUG    | cryptobot.websocket | Combined stream: btcusdt@ticker
2026-03-10 15:34:10,096 | DEBUG    | cryptobot.websocket | Received message: {"stream":"btcusdt@trade","data":{"e":"trade","E":1773137043146,"s":"BTCUSDT","t":6087479778,"p":"70999.14000000","q":"0.00010000","T":1773137043146,"m":true,"M":true}}...
2026-03-10 15:34:10,097 | DEBUG    | cryptobot.websocket | Combined stream: btcusdt@trade
2026-03-10 15:34:10,097 | DEBUG    | cryptobot.main | Running strategy analysis for BTCUSDT
2026-03-10 15:34:10,197 | DEBUG    | cryptobot.websocket | Received message: {"stream":"btcusdt@trade","data":{"e":"trade","E":1773137043247,"s":"BTCUSDT","t":6087479779,"p":"70999.15000000","q":"0.01064000","T":1773137043247,"m":false,"M":true}}...
2026-03-10 15:34:10,197 | DEBUG    | cryptobot.websocket | Combined stream: btcusdt@trade
2026-03-10 15:34:10,197 | DEBUG    | cryptobot.main | Running strategy analysis for BTCUSDT
2026-03-10 15:34:10,198 | DEBUG    | cryptobot.websocket | Received message: {"stream":"btcusdt@trade","data":{"e":"trade","E":1773137043247,"s":"BTCUSDT","t":6087479780,"p":"70999.15000000","q":"0.00780000","T":1773137043247,"m":false,"M":true}}...
2026-03-10 15:34:10,198 | DEBUG    | cryptobot.websocket | Combined stream: btcusdt@trade
2026-03-10 15:34:10,198 | DEBUG    | cryptobot.main | Running strategy analysis for BTCUSDT
2026-03-10 15:34:10,198 | DEBUG    | cryptobot.websocket | Received message: {"stream":"btcusdt@trade","data":{"e":"trade","E":1773137043247,"s":"BTCUSDT","t":6087479781,"p":"70999.15000000","q":"0.00016000","T":1773137043247,"m":false,"M":true}}...
2026-03-10 15:34:10,198 | DEBUG    | cryptobot.websocket | Combined stream: btcusdt@trade
2026-03-10 15:34:10,199 | DEBUG    | cryptobot.main | Running strategy analysis for BTCUSDT
2026-03-10 15:34:10,199 | DEBUG    | cryptobot.websocket | Received message: {"stream":"btcusdt@trade","data":{"e":"trade","E":1773137043247,"s":"BTCUSDT","t":6087479782,"p":"70999.15000000","q":"0.00016000","T":1773137043247,"m":false,"M":true}}...
2026-03-10 15:34:10,199 | DEBUG    | cryptobot.websocket | Combined stream: btcusdt@trade
2026-03-10 15:34:10,199 | DEBUG    | cryptobot.main | Running strategy analysis for BTCUSDT
2026-03-10 15:34:10,199 | DEBUG    | cryptobot.websocket | Received message: {"stream":"btcusdt@trade","data":{"e":"trade","E":1773137043247,"s":"BTCUSDT","t":6087479783,"p":"70999.15000000","q":"0.00379000","T":1773137043247,"m":false,"M":true}}...
2026-03-10 15:34:10,200 | DEBUG    | cryptobot.websocket | Combined stream: btcusdt@trade
2026-03-10 15:34:10,200 | DEBUG    | cryptobot.main | Running strategy analysis for BTCUSDT
2026-03-10 15:34:10,412 | DEBUG    | cryptobot.websocket | Received message: {"stream":"btcusdt@trade","data":{"e":"trade","E":1773137043463,"s":"BTCUSDT","t":6087479784,"p":"70999.14000000","q":"0.00048000","T":1773137043463,"m":true,"M":true}}...
2026-03-10 15:34:10,413 | DEBUG    | cryptobot.websocket | Combined stream: btcusdt@trade
2026-03-10 15:34:10,414 | DEBUG    | cryptobot.main | Running strategy analysis for BTCUSDT
2026-03-10 15:34:10,621 | DEBUG    | cryptobot.websocket | Received message: {"stream":"btcusdt@trade","data":{"e":"trade","E":1773137043673,"s":"BTCUSDT","t":6087479785,"p":"70999.14000000","q":"0.00648000","T":1773137043672,"m":true,"M":true}}...
2026-03-10 15:34:10,621 | DEBUG    | cryptobot.websocket | Combined stream: btcusdt@trade
2026-03-10 15:34:10,622 | DEBUG    | cryptobot.main | Running strategy analysis for BTCUSDT
2026-03-10 15:34:10,790 | DEBUG    | cryptobot.websocket | Received message: {"stream":"btcusdt@trade","data":{"e":"trade","E":1773137043847,"s":"BTCUSDT","t":6087479786,"p":"70999.15000000","q":"0.00010000","T":1773137043847,"m":false,"M":true}}...
2026-03-10 15:34:10,790 | DEBUG    | cryptobot.websocket | Combined stream: btcusdt@trade
2026-03-10 15:34:10,790 | DEBUG    | cryptobot.main | Running strategy analysis for BTCUSDT
2026-03-10 15:34:10,976 | DEBUG    | cryptobot.websocket | Received message: {"stream":"btcusdt@ticker","data":{"e":"24hrTicker","E":1773137044027,"s":"BTCUSDT","p":"2967.08000000","P":"4.361","w":"69340.31923816","x":"68032.07000000","c":"70999.15000000","Q":"0.00010000","b":...
2026-03-10 15:34:10,977 | DEBUG    | cryptobot.websocket | Combined stream: btcusdt@ticker
2026-03-10 15:34:10,999 | DEBUG    | cryptobot.websocket | Received message: {"stream":"btcusdt@kline_1m","data":{"e":"kline","E":1773137044047,"s":"BTCUSDT","k":{"t":1773137040000,"T":1773137099999,"s":"BTCUSDT","i":"1m","f":6087479555,"L":6087479786,"o":"70995.39000000","c":...
2026-03-10 15:34:11,000 | DEBUG    | cryptobot.websocket | Combined stream: btcusdt@kline_1m
2026-03-10 15:34:11,001 | DEBUG    | cryptobot.websocket | Received message: {"stream":"btcusdt@kline_5m","data":{"e":"kline","E":1773137044047,"s":"BTCUSDT","k":{"t":1773136800000,"T":1773137099999,"s":"BTCUSDT","i":"5m","f":6087470632,"L":6087479786,"o":"71078.92000000","c":...
2026-03-10 15:34:11,002 | DEBUG    | cryptobot.websocket | Combined stream: btcusdt@kline_5m
2026-03-10 15:34:11,002 | DEBUG    | cryptobot.websocket | Received message: {"stream":"btcusdt@kline_15m","data":{"e":"kline","E":1773137044047,"s":"BTCUSDT","k":{"t":1773136800000,"T":1773137699999,"s":"BTCUSDT","i":"15m","f":6087470632,"L":6087479786,"o":"71078.92000000","c...
2026-03-10 15:34:11,003 | DEBUG    | cryptobot.websocket | Combined stream: btcusdt@kline_15m
2026-03-10 15:34:11,605 | DEBUG    | cryptobot.websocket | Received message: {"stream":"btcusdt@trade","data":{"e":"trade","E":1773137044666,"s":"BTCUSDT","t":6087479787,"p":"70999.15000000","q":"0.00016000","T":1773137044665,"m":false,"M":true}}...
2026-03-10 15:34:11,605 | DEBUG    | cryptobot.websocket | Combined stream: btcusdt@trade
2026-03-10 15:34:11,605 | DEBUG    | cryptobot.main | Running strategy analysis for BTCUSDT
2026-03-10 15:34:11,621 | DEBUG    | cryptobot.websocket | Received message: {"stream":"btcusdt@trade","data":{"e":"trade","E":1773137044666,"s":"BTCUSDT","t":6087479788,"p":"70999.15000000","q":"0.00008000","T":1773137044665,"m":false,"M":true}}...
2026-03-10 15:34:11,621 | DEBUG    | cryptobot.websocket | Combined stream: btcusdt@trade
2026-03-10 15:34:11,622 | DEBUG    | cryptobot.main | Running strategy analysis for BTCUSDT
2026-03-10 15:34:11,622 | DEBUG    | cryptobot.websocket | Received message: {"stream":"btcusdt@trade","data":{"e":"trade","E":1773137044666,"s":"BTCUSDT","t":6087479789,"p":"70999.15000000","q":"0.00008000","T":1773137044665,"m":false,"M":true}}...
2026-03-10 15:34:11,623 | DEBUG    | cryptobot.websocket | Combined stream: btcusdt@trade
2026-03-10 15:34:11,624 | DEBUG    | cryptobot.main | Running strategy analysis for BTCUSDT
2026-03-10 15:34:11,624 | DEBUG    | cryptobot.websocket | Received message: {"stream":"btcusdt@trade","data":{"e":"trade","E":1773137044666,"s":"BTCUSDT","t":6087479790,"p":"70999.15000000","q":"0.00008000","T":1773137044665,"m":false,"M":true}}...
2026-03-10 15:34:11,625 | DEBUG    | cryptobot.websocket | Combined stream: btcusdt@trade
2026-03-10 15:34:11,626 | DEBUG    | cryptobot.main | Running strategy analysis for BTCUSDT
2026-03-10 15:34:11,626 | DEBUG    | cryptobot.websocket | Received message: {"stream":"btcusdt@trade","data":{"e":"trade","E":1773137044666,"s":"BTCUSDT","t":6087479791,"p":"70999.15000000","q":"0.00008000","T":1773137044665,"m":false,"M":true}}...
2026-03-10 15:34:11,627 | DEBUG    | cryptobot.websocket | Combined stream: btcusdt@trade
2026-03-10 15:34:11,628 | DEBUG    | cryptobot.main | Running strategy analysis for BTCUSDT
2026-03-10 15:34:11,628 | DEBUG    | cryptobot.websocket | Received message: {"stream":"btcusdt@trade","data":{"e":"trade","E":1773137044666,"s":"BTCUSDT","t":6087479792,"p":"70999.15000000","q":"0.00008000","T":1773137044665,"m":false,"M":true}}...
2026-03-10 15:34:11,629 | DEBUG    | cryptobot.websocket | Combined stream: btcusdt@trade
2026-03-10 15:34:11,629 | DEBUG    | cryptobot.main | Running strategy analysis for BTCUSDT
2026-03-10 15:34:11,630 | DEBUG    | cryptobot.websocket | Received message: {"stream":"btcusdt@trade","data":{"e":"trade","E":1773137044666,"s":"BTCUSDT","t":6087479793,"p":"70999.15000000","q":"0.00008000","T":1773137044665,"m":false,"M":true}}...
2026-03-10 15:34:11,631 | DEBUG    | cryptobot.websocket | Combined stream: btcusdt@trade
2026-03-10 15:34:11,631 | DEBUG    | cryptobot.main | Running strategy analysis for BTCUSDT
2026-03-10 15:34:11,632 | DEBUG    | cryptobot.websocket | Received message: {"stream":"btcusdt@trade","data":{"e":"trade","E":1773137044666,"s":"BTCUSDT","t":6087479794,"p":"70999.15000000","q":"0.00008000","T":1773137044665,"m":false,"M":true}}...
2026-03-10 15:34:11,633 | DEBUG    | cryptobot.websocket | Combined stream: btcusdt@trade
2026-03-10 15:34:11,633 | DEBUG    | cryptobot.main | Running strategy analysis for BTCUSDT
2026-03-10 15:34:11,634 | DEBUG    | cryptobot.websocket | Received message: {"stream":"btcusdt@trade","data":{"e":"trade","E":1773137044666,"s":"BTCUSDT","t":6087479795,"p":"70999.15000000","q":"0.00008000","T":1773137044665,"m":false,"M":true}}...
2026-03-10 15:34:11,634 | DEBUG    | cryptobot.websocket | Combined stream: btcusdt@trade
2026-03-10 15:34:11,635 | DEBUG    | cryptobot.main | Running strategy analysis for BTCUSDT
2026-03-10 15:34:11,636 | DEBUG    | cryptobot.websocket | Received message: {"stream":"btcusdt@trade","data":{"e":"trade","E":1773137044666,"s":"BTCUSDT","t":6087479796,"p":"70999.15000000","q":"0.00008000","T":1773137044665,"m":false,"M":true}}...
2026-03-10 15:34:11,636 | DEBUG    | cryptobot.websocket | Combined stream: btcusdt@trade
2026-03-10 15:34:11,637 | DEBUG    | cryptobot.main | Running strategy analysis for BTCUSDT
2026-03-10 15:34:11,637 | DEBUG    | cryptobot.websocket | Received message: {"stream":"btcusdt@trade","data":{"e":"trade","E":1773137044666,"s":"BTCUSDT","t":6087479797,"p":"70999.15000000","q":"0.00008000","T":1773137044665,"m":false,"M":true}}...
2026-03-10 15:34:11,638 | DEBUG    | cryptobot.websocket | Combined stream: btcusdt@trade
2026-03-10 15:34:11,639 | DEBUG    | cryptobot.main | Running strategy analysis for BTCUSDT
2026-03-10 15:34:11,639 | DEBUG    | cryptobot.websocket | Received message: {"stream":"btcusdt@trade","data":{"e":"trade","E":1773137044666,"s":"BTCUSDT","t":6087479798,"p":"70999.15000000","q":"0.00008000","T":1773137044665,"m":false,"M":true}}...
2026-03-10 15:34:11,640 | DEBUG    | cryptobot.websocket | Combined stream: btcusdt@trade
2026-03-10 15:34:11,640 | DEBUG    | cryptobot.main | Running strategy analysis for BTCUSDT
2026-03-10 15:34:11,641 | DEBUG    | cryptobot.websocket | Received message: {"stream":"btcusdt@trade","data":{"e":"trade","E":1773137044666,"s":"BTCUSDT","t":6087479799,"p":"70999.15000000","q":"0.00008000","T":1773137044665,"m":false,"M":true}}...
2026-03-10 15:34:11,641 | DEBUG    | cryptobot.websocket | Combined stream: btcusdt@trade
2026-03-10 15:34:11,641 | DEBUG    | cryptobot.main | Running strategy analysis for BTCUSDT
2026-03-10 15:34:11,642 | DEBUG    | cryptobot.websocket | Received message: {"stream":"btcusdt@trade","data":{"e":"trade","E":1773137044666,"s":"BTCUSDT","t":6087479800,"p":"70999.15000000","q":"0.00047000","T":1773137044665,"m":false,"M":true}}...
2026-03-10 15:34:11,642 | DEBUG    | cryptobot.websocket | Combined stream: btcusdt@trade
2026-03-10 15:34:11,643 | DEBUG    | cryptobot.main | Running strategy analysis for BTCUSDT
2026-03-10 15:34:11,644 | DEBUG    | cryptobot.websocket | Received message: {"stream":"btcusdt@trade","data":{"e":"trade","E":1773137044666,"s":"BTCUSDT","t":6087479801,"p":"70999.15000000","q":"0.00016000","T":1773137044665,"m":false,"M":true}}...
2026-03-10 15:34:11,644 | DEBUG    | cryptobot.websocket | Combined stream: btcusdt@trade
2026-03-10 15:34:11,645 | DEBUG    | cryptobot.main | Running strategy analysis for BTCUSDT
2026-03-10 15:34:11,645 | DEBUG    | cryptobot.websocket | Received message: {"stream":"btcusdt@trade","data":{"e":"trade","E":1773137044666,"s":"BTCUSDT","t":6087479802,"p":"70999.15000000","q":"0.00008000","T":1773137044665,"m":false,"M":true}}...
2026-03-10 15:34:11,646 | DEBUG    | cryptobot.websocket | Combined stream: btcusdt@trade
2026-03-10 15:34:11,646 | DEBUG    | cryptobot.main | Running strategy analysis for BTCUSDT
2026-03-10 15:34:11,646 | DEBUG    | cryptobot.websocket | Received message: {"stream":"btcusdt@trade","data":{"e":"trade","E":1773137044666,"s":"BTCUSDT","t":6087479803,"p":"70999.15000000","q":"0.00011000","T":1773137044665,"m":false,"M":true}}...
2026-03-10 15:34:11,647 | DEBUG    | cryptobot.websocket | Combined stream: btcusdt@trade
2026-03-10 15:34:11,647 | DEBUG    | cryptobot.main | Running strategy analysis for BTCUSDT
2026-03-10 15:34:11,648 | DEBUG    | cryptobot.websocket | Received message: {"stream":"btcusdt@trade","data":{"e":"trade","E":1773137044666,"s":"BTCUSDT","t":6087479804,"p":"70999.15000000","q":"0.00008000","T":1773137044665,"m":false,"M":true}}...
2026-03-10 15:34:11,648 | DEBUG    | cryptobot.websocket | Combined stream: btcusdt@trade
2026-03-10 15:34:11,649 | DEBUG    | cryptobot.main | Running strategy analysis for BTCUSDT
2026-03-10 15:34:11,649 | DEBUG    | cryptobot.websocket | Received message: {"stream":"btcusdt@trade","data":{"e":"trade","E":1773137044666,"s":"BTCUSDT","t":6087479805,"p":"70999.15000000","q":"0.00008000","T":1773137044665,"m":false,"M":true}}...
2026-03-10 15:34:11,649 | DEBUG    | cryptobot.websocket | Combined stream: btcusdt@trade
2026-03-10 15:34:11,649 | DEBUG    | cryptobot.main | Running strategy analysis for BTCUSDT
2026-03-10 15:34:11,649 | DEBUG    | cryptobot.websocket | Received message: {"stream":"btcusdt@trade","data":{"e":"trade","E":1773137044666,"s":"BTCUSDT","t":6087479806,"p":"70999.15000000","q":"0.00017000","T":1773137044665,"m":false,"M":true}}...
2026-03-10 15:34:11,649 | DEBUG    | cryptobot.websocket | Combined stream: btcusdt@trade
2026-03-10 15:34:11,649 | DEBUG    | cryptobot.main | Running strategy analysis for BTCUSDT
2026-03-10 15:34:11,649 | DEBUG    | cryptobot.websocket | Received message: {"stream":"btcusdt@trade","data":{"e":"trade","E":1773137044666,"s":"BTCUSDT","t":6087479807,"p":"70999.15000000","q":"0.00008000","T":1773137044665,"m":false,"M":true}}...
2026-03-10 15:34:11,649 | DEBUG    | cryptobot.websocket | Combined stream: btcusdt@trade
2026-03-10 15:34:11,649 | DEBUG    | cryptobot.main | Running strategy analysis for BTCUSDT
2026-03-10 15:34:11,649 | DEBUG    | cryptobot.websocket | Received message: {"stream":"btcusdt@trade","data":{"e":"trade","E":1773137044666,"s":"BTCUSDT","t":6087479808,"p":"70999.15000000","q":"0.00008000","T":1773137044665,"m":false,"M":true}}...
2026-03-10 15:34:11,649 | DEBUG    | cryptobot.websocket | Combined stream: btcusdt@trade
2026-03-10 15:34:11,649 | DEBUG    | cryptobot.main | Running strategy analysis for BTCUSDT
2026-03-10 15:34:11,649 | DEBUG    | cryptobot.websocket | Received message: {"stream":"btcusdt@trade","data":{"e":"trade","E":1773137044666,"s":"BTCUSDT","t":6087479809,"p":"70999.15000000","q":"0.00008000","T":1773137044665,"m":false,"M":true}}...
2026-03-10 15:34:11,649 | DEBUG    | cryptobot.websocket | Combined stream: btcusdt@trade
2026-03-10 15:34:11,649 | DEBUG    | cryptobot.main | Running strategy analysis for BTCUSDT
2026-03-10 15:34:11,649 | DEBUG    | cryptobot.websocket | Received message: {"stream":"btcusdt@trade","data":{"e":"trade","E":1773137044666,"s":"BTCUSDT","t":6087479810,"p":"70999.15000000","q":"0.00008000","T":1773137044665,"m":false,"M":true}}...
2026-03-10 15:34:11,649 | DEBUG    | cryptobot.websocket | Combined stream: btcusdt@trade
2026-03-10 15:34:11,649 | DEBUG    | cryptobot.main | Running strategy analysis for BTCUSDT
2026-03-10 15:34:11,649 | DEBUG    | cryptobot.websocket | Received message: {"stream":"btcusdt@trade","data":{"e":"trade","E":1773137044666,"s":"BTCUSDT","t":6087479811,"p":"70999.15000000","q":"0.00008000","T":1773137044665,"m":false,"M":true}}...
2026-03-10 15:34:11,659 | DEBUG    | cryptobot.websocket | Combined stream: btcusdt@trade
2026-03-10 15:34:11,659 | DEBUG    | cryptobot.main | Running strategy analysis for BTCUSDT
2026-03-10 15:34:11,659 | DEBUG    | cryptobot.websocket | Received message: {"stream":"btcusdt@trade","data":{"e":"trade","E":1773137044666,"s":"BTCUSDT","t":6087479812,"p":"70999.16000000","q":"0.00008000","T":1773137044665,"m":false,"M":true}}...
2026-03-10 15:34:11,659 | DEBUG    | cryptobot.websocket | Combined stream: btcusdt@trade
2026-03-10 15:34:11,659 | DEBUG    | cryptobot.main | Running strategy analysis for BTCUSDT
2026-03-10 15:34:11,659 | DEBUG    | cryptobot.websocket | Received message: {"stream":"btcusdt@trade","data":{"e":"trade","E":1773137044666,"s":"BTCUSDT","t":6087479813,"p":"70999.16000000","q":"0.00008000","T":1773137044665,"m":false,"M":true}}...
2026-03-10 15:34:11,659 | DEBUG    | cryptobot.websocket | Combined stream: btcusdt@trade
2026-03-10 15:34:11,659 | DEBUG    | cryptobot.main | Running strategy analysis for BTCUSDT
2026-03-10 15:34:11,659 | DEBUG    | cryptobot.websocket | Received message: {"stream":"btcusdt@trade","data":{"e":"trade","E":1773137044666,"s":"BTCUSDT","t":6087479814,"p":"70999.16000000","q":"0.00008000","T":1773137044665,"m":false,"M":true}}...
2026-03-10 15:34:11,659 | DEBUG    | cryptobot.websocket | Combined stream: btcusdt@trade
2026-03-10 15:34:11,659 | DEBUG    | cryptobot.main | Running strategy analysis for BTCUSDT
2026-03-10 15:34:11,659 | DEBUG    | cryptobot.websocket | Received message: {"stream":"btcusdt@trade","data":{"e":"trade","E":1773137044666,"s":"BTCUSDT","t":6087479815,"p":"70999.16000000","q":"0.00008000","T":1773137044665,"m":false,"M":true}}...
2026-03-10 15:34:11,659 | DEBUG    | cryptobot.websocket | Combined stream: btcusdt@trade
2026-03-10 15:34:11,659 | DEBUG    | cryptobot.main | Running strategy analysis for BTCUSDT
2026-03-10 15:34:11,659 | DEBUG    | cryptobot.websocket | Received message: {"stream":"btcusdt@trade","data":{"e":"trade","E":1773137044666,"s":"BTCUSDT","t":6087479816,"p":"70999.16000000","q":"0.00008000","T":1773137044665,"m":false,"M":true}}...
2026-03-10 15:34:11,659 | DEBUG    | cryptobot.websocket | Combined stream: btcusdt@trade
2026-03-10 15:34:11,659 | DEBUG    | cryptobot.main | Running strategy analysis for BTCUSDT
2026-03-10 15:34:11,659 | DEBUG    | cryptobot.websocket | Received message: {"stream":"btcusdt@trade","data":{"e":"trade","E":1773137044666,"s":"BTCUSDT","t":6087479817,"p":"70999.16000000","q":"0.00008000","T":1773137044665,"m":false,"M":true}}...
2026-03-10 15:34:11,659 | DEBUG    | cryptobot.websocket | Combined stream: btcusdt@trade
2026-03-10 15:34:11,659 | DEBUG    | cryptobot.main | Running strategy analysis for BTCUSDT
2026-03-10 15:34:11,659 | DEBUG    | cryptobot.websocket | Received message: {"stream":"btcusdt@trade","data":{"e":"trade","E":1773137044666,"s":"BTCUSDT","t":6087479818,"p":"70999.16000000","q":"0.00008000","T":1773137044665,"m":false,"M":true}}...
2026-03-10 15:34:11,659 | DEBUG    | cryptobot.websocket | Combined stream: btcusdt@trade
2026-03-10 15:34:11,659 | DEBUG    | cryptobot.main | Running strategy analysis for BTCUSDT
2026-03-10 15:34:11,659 | DEBUG    | cryptobot.websocket | Received message: {"stream":"btcusdt@trade","data":{"e":"trade","E":1773137044666,"s":"BTCUSDT","t":6087479819,"p":"70999.16000000","q":"0.00008000","T":1773137044665,"m":false,"M":true}}...
2026-03-10 15:34:11,659 | DEBUG    | cryptobot.websocket | Combined stream: btcusdt@trade
2026-03-10 15:34:11,659 | DEBUG    | cryptobot.main | Running strategy analysis for BTCUSDT
2026-03-10 15:34:11,659 | DEBUG    | cryptobot.websocket | Received message: {"stream":"btcusdt@trade","data":{"e":"trade","E":1773137044666,"s":"BTCUSDT","t":6087479820,"p":"70999.22000000","q":"0.00011000","T":1773137044665,"m":false,"M":true}}...
2026-03-10 15:34:11,659 | DEBUG    | cryptobot.websocket | Combined stream: btcusdt@trade
2026-03-10 15:34:11,659 | DEBUG    | cryptobot.main | Running strategy analysis for BTCUSDT
2026-03-10 15:34:11,659 | DEBUG    | cryptobot.websocket | Received message: {"stream":"btcusdt@trade","data":{"e":"trade","E":1773137044666,"s":"BTCUSDT","t":6087479821,"p":"70999.94000000","q":"0.00338000","T":1773137044665,"m":false,"M":true}}...
2026-03-10 15:34:11,659 | DEBUG    | cryptobot.websocket | Combined stream: btcusdt@trade
2026-03-10 15:34:11,659 | DEBUG    | cryptobot.main | Running strategy analysis for BTCUSDT
2026-03-10 15:34:11,659 | DEBUG    | cryptobot.websocket | Received message: {"stream":"btcusdt@trade","data":{"e":"trade","E":1773137044666,"s":"BTCUSDT","t":6087479822,"p":"71000.06000000","q":"0.00008000","T":1773137044665,"m":false,"M":true}}...
2026-03-10 15:34:11,659 | DEBUG    | cryptobot.websocket | Combined stream: btcusdt@trade
2026-03-10 15:34:11,659 | DEBUG    | cryptobot.main | Running strategy analysis for BTCUSDT
2026-03-10 15:34:11,659 | DEBUG    | cryptobot.websocket | Received message: {"stream":"btcusdt@trade","data":{"e":"trade","E":1773137044666,"s":"BTCUSDT","t":6087479823,"p":"71000.07000000","q":"0.00008000","T":1773137044665,"m":false,"M":true}}...
2026-03-10 15:34:11,659 | DEBUG    | cryptobot.websocket | Combined stream: btcusdt@trade
2026-03-10 15:34:11,659 | DEBUG    | cryptobot.main | Running strategy analysis for BTCUSDT
2026-03-10 15:34:11,659 | DEBUG    | cryptobot.websocket | Received message: {"stream":"btcusdt@trade","data":{"e":"trade","E":1773137044666,"s":"BTCUSDT","t":6087479824,"p":"71000.07000000","q":"0.00008000","T":1773137044665,"m":false,"M":true}}...
2026-03-10 15:34:11,659 | DEBUG    | cryptobot.websocket | Combined stream: btcusdt@trade
2026-03-10 15:34:11,659 | DEBUG    | cryptobot.main | Running strategy analysis for BTCUSDT
2026-03-10 15:34:11,659 | DEBUG    | cryptobot.websocket | Received message: {"stream":"btcusdt@trade","data":{"e":"trade","E":1773137044666,"s":"BTCUSDT","t":6087479825,"p":"71000.07000000","q":"0.00008000","T":1773137044665,"m":false,"M":true}}...
2026-03-10 15:34:11,659 | DEBUG    | cryptobot.websocket | Combined stream: btcusdt@trade
2026-03-10 15:34:11,659 | DEBUG    | cryptobot.main | Running strategy analysis for BTCUSDT
2026-03-10 15:34:11,659 | DEBUG    | cryptobot.websocket | Received message: {"stream":"btcusdt@trade","data":{"e":"trade","E":1773137044666,"s":"BTCUSDT","t":6087479826,"p":"71000.08000000","q":"0.00008000","T":1773137044665,"m":false,"M":true}}...
2026-03-10 15:34:11,659 | DEBUG    | cryptobot.websocket | Combined stream: btcusdt@trade
2026-03-10 15:34:11,659 | DEBUG    | cryptobot.main | Running strategy analysis for BTCUSDT
2026-03-10 15:34:11,659 | DEBUG    | cryptobot.websocket | Received message: {"stream":"btcusdt@trade","data":{"e":"trade","E":1773137044666,"s":"BTCUSDT","t":6087479827,"p":"71000.09000000","q":"0.00008000","T":1773137044665,"m":false,"M":true}}...
2026-03-10 15:34:11,659 | DEBUG    | cryptobot.websocket | Combined stream: btcusdt@trade
2026-03-10 15:34:11,659 | DEBUG    | cryptobot.main | Running strategy analysis for BTCUSDT
2026-03-10 15:34:11,659 | DEBUG    | cryptobot.websocket | Received message: {"stream":"btcusdt@trade","data":{"e":"trade","E":1773137044666,"s":"BTCUSDT","t":6087479828,"p":"71000.09000000","q":"0.00008000","T":1773137044665,"m":false,"M":true}}...
2026-03-10 15:34:11,659 | DEBUG    | cryptobot.websocket | Combined stream: btcusdt@trade
2026-03-10 15:34:11,659 | DEBUG    | cryptobot.main | Running strategy analysis for BTCUSDT
2026-03-10 15:34:11,659 | DEBUG    | cryptobot.websocket | Received message: {"stream":"btcusdt@trade","data":{"e":"trade","E":1773137044666,"s":"BTCUSDT","t":6087479829,"p":"71000.09000000","q":"0.00008000","T":1773137044665,"m":false,"M":true}}...
2026-03-10 15:34:11,659 | DEBUG    | cryptobot.websocket | Combined stream: btcusdt@trade
2026-03-10 15:34:11,659 | DEBUG    | cryptobot.main | Running strategy analysis for BTCUSDT
2026-03-10 15:34:11,659 | DEBUG    | cryptobot.websocket | Received message: {"stream":"btcusdt@trade","data":{"e":"trade","E":1773137044666,"s":"BTCUSDT","t":6087479830,"p":"71000.09000000","q":"0.00008000","T":1773137044665,"m":false,"M":true}}...
2026-03-10 15:34:11,659 | DEBUG    | cryptobot.websocket | Combined stream: btcusdt@trade
2026-03-10 15:34:11,659 | DEBUG    | cryptobot.main | Running strategy analysis for BTCUSDT
2026-03-10 15:34:11,659 | DEBUG    | cryptobot.websocket | Received message: {"stream":"btcusdt@trade","data":{"e":"trade","E":1773137044666,"s":"BTCUSDT","t":6087479831,"p":"71000.09000000","q":"0.00008000","T":1773137044665,"m":false,"M":true}}...
2026-03-10 15:34:11,659 | DEBUG    | cryptobot.websocket | Combined stream: btcusdt@trade
2026-03-10 15:34:11,659 | DEBUG    | cryptobot.main | Running strategy analysis for BTCUSDT
2026-03-10 15:34:11,659 | DEBUG    | cryptobot.websocket | Received message: {"stream":"btcusdt@trade","data":{"e":"trade","E":1773137044666,"s":"BTCUSDT","t":6087479832,"p":"71000.10000000","q":"0.00008000","T":1773137044665,"m":false,"M":true}}...
2026-03-10 15:34:11,659 | DEBUG    | cryptobot.websocket | Combined stream: btcusdt@trade
2026-03-10 15:34:11,674 | DEBUG    | cryptobot.main | Running strategy analysis for BTCUSDT
2026-03-10 15:34:11,674 | DEBUG    | cryptobot.websocket | Received message: {"stream":"btcusdt@trade","data":{"e":"trade","E":1773137044666,"s":"BTCUSDT","t":6087479833,"p":"71000.10000000","q":"0.00008000","T":1773137044665,"m":false,"M":true}}...
2026-03-10 15:34:11,674 | DEBUG    | cryptobot.websocket | Combined stream: btcusdt@trade
2026-03-10 15:34:11,675 | DEBUG    | cryptobot.main | Running strategy analysis for BTCUSDT
2026-03-10 15:34:11,676 | DEBUG    | cryptobot.websocket | Received message: {"stream":"btcusdt@trade","data":{"e":"trade","E":1773137044666,"s":"BTCUSDT","t":6087479834,"p":"71000.10000000","q":"0.00008000","T":1773137044665,"m":false,"M":true}}...
2026-03-10 15:34:11,676 | DEBUG    | cryptobot.websocket | Combined stream: btcusdt@trade
2026-03-10 15:34:11,676 | DEBUG    | cryptobot.main | Running strategy analysis for BTCUSDT
2026-03-10 15:34:11,676 | DEBUG    | cryptobot.websocket | Received message: {"stream":"btcusdt@trade","data":{"e":"trade","E":1773137044666,"s":"BTCUSDT","t":6087479835,"p":"71000.10000000","q":"0.00008000","T":1773137044665,"m":false,"M":true}}...
2026-03-10 15:34:11,676 | DEBUG    | cryptobot.websocket | Combined stream: btcusdt@trade
2026-03-10 15:34:11,676 | DEBUG    | cryptobot.main | Running strategy analysis for BTCUSDT
2026-03-10 15:34:11,676 | DEBUG    | cryptobot.websocket | Received message: {"stream":"btcusdt@trade","data":{"e":"trade","E":1773137044666,"s":"BTCUSDT","t":6087479836,"p":"71000.10000000","q":"0.00008000","T":1773137044665,"m":false,"M":true}}...
2026-03-10 15:34:11,676 | DEBUG    | cryptobot.websocket | Combined stream: btcusdt@trade
2026-03-10 15:34:11,676 | DEBUG    | cryptobot.main | Running strategy analysis for BTCUSDT
2026-03-10 15:34:11,676 | DEBUG    | cryptobot.websocket | Received message: {"stream":"btcusdt@trade","data":{"e":"trade","E":1773137044666,"s":"BTCUSDT","t":6087479837,"p":"71000.10000000","q":"0.00008000","T":1773137044665,"m":false,"M":true}}...
2026-03-10 15:34:11,676 | DEBUG    | cryptobot.websocket | Combined stream: btcusdt@trade
2026-03-10 15:34:11,676 | DEBUG    | cryptobot.main | Running strategy analysis for BTCUSDT
2026-03-10 15:34:11,676 | DEBUG    | cryptobot.websocket | Received message: {"stream":"btcusdt@trade","data":{"e":"trade","E":1773137044666,"s":"BTCUSDT","t":6087479838,"p":"71000.10000000","q":"0.00008000","T":1773137044665,"m":false,"M":true}}...
2026-03-10 15:34:11,676 | DEBUG    | cryptobot.websocket | Combined stream: btcusdt@trade
2026-03-10 15:34:11,676 | DEBUG    | cryptobot.main | Running strategy analysis for BTCUSDT
2026-03-10 15:34:11,676 | DEBUG    | cryptobot.websocket | Received message: {"stream":"btcusdt@trade","data":{"e":"trade","E":1773137044666,"s":"BTCUSDT","t":6087479839,"p":"71000.10000000","q":"0.00008000","T":1773137044665,"m":false,"M":true}}...
2026-03-10 15:34:11,676 | DEBUG    | cryptobot.websocket | Combined stream: btcusdt@trade
2026-03-10 15:34:11,676 | DEBUG    | cryptobot.main | Running strategy analysis for BTCUSDT
2026-03-10 15:34:11,676 | DEBUG    | cryptobot.websocket | Received message: {"stream":"btcusdt@trade","data":{"e":"trade","E":1773137044666,"s":"BTCUSDT","t":6087479840,"p":"71000.10000000","q":"0.00008000","T":1773137044665,"m":false,"M":true}}...
2026-03-10 15:34:11,676 | DEBUG    | cryptobot.websocket | Combined stream: btcusdt@trade
2026-03-10 15:34:11,676 | DEBUG    | cryptobot.main | Running strategy analysis for BTCUSDT
2026-03-10 15:34:11,977 | DEBUG    | cryptobot.websocket | Received message: {"stream":"btcusdt@ticker","data":{"e":"24hrTicker","E":1773137045027,"s":"BTCUSDT","p":"2980.36000000","P":"4.382","w":"69340.32305638","x":"68019.74000000","c":"71000.10000000","Q":"0.00072000","b":...
2026-03-10 15:34:11,977 | DEBUG    | cryptobot.websocket | Combined stream: btcusdt@ticker
2026-03-10 15:34:12,175 | DEBUG    | cryptobot.websocket | Received message: {"stream":"btcusdt@trade","data":{"e":"trade","E":1773137045232,"s":"BTCUSDT","t":6087479841,"p":"71000.10000000","q":"0.04917000","T":1773137045232,"m":true,"M":true}}...
2026-03-10 15:34:12,175 | DEBUG    | cryptobot.websocket | Combined stream: btcusdt@trade
2026-03-10 15:34:12,175 | DEBUG    | cryptobot.main | Running strategy analysis for BTCUSDT
2026-03-10 15:34:12,282 | DEBUG    | cryptobot.websocket | Received message: {"stream":"btcusdt@trade","data":{"e":"trade","E":1773137045332,"s":"BTCUSDT","t":6087479842,"p":"71000.11000000","q":"0.00070000","T":1773137045332,"m":false,"M":true}}...
2026-03-10 15:34:12,282 | DEBUG    | cryptobot.websocket | Combined stream: btcusdt@trade
2026-03-10 15:34:12,283 | DEBUG    | cryptobot.main | Running strategy analysis for BTCUSDT
