2026-03-10 16:20:31,746 | ERROR    | cryptobot.websocket | Error dispatching event: 'AbsorptionDetector' object has no attribute 'analyze_bar'
2026-03-10 16:20:31,746 | DEBUG    | cryptobot.websocket | Received message: {"stream":"btcusdt@trade","data":{"e":"trade","E":1773139824783,"s":"BTCUSDT","t":6087593527,"p":"70692.65000000","q":"0.00008000","T":1773139824781,"m":false,"M":true}}...
2026-03-10 16:20:31,746 | DEBUG    | cryptobot.websocket | Combined stream: btcusdt@trade
2026-03-10 16:20:31,746 | INFO     | cryptobot.main | Running strategy analysis for BTCUSDT
2026-03-10 16:20:31,746 | INFO     | cryptobot.main | [BTCUSDT] Price: 70692.65, CVD: -16.405110000005454, Delta: 0.8405799999999978, Volume: 31831.01368
2026-03-10 16:20:31,746 | ERROR    | cryptobot.websocket | Error dispatching event: 'AbsorptionDetector' object has no attribute 'analyze_bar'
2026-03-10 16:20:31,746 | DEBUG    | cryptobot.websocket | Received message: {"stream":"btcusdt@trade","data":{"e":"trade","E":1773139824783,"s":"BTCUSDT","t":6087593528,"p":"70692.65000000","q":"0.00008000","T":1773139824781,"m":false,"M":true}}...
2026-03-10 16:20:31,746 | DEBUG    | cryptobot.websocket | Combined stream: btcusdt@trade
2026-03-10 16:20:31,746 | INFO     | cryptobot.main | Running strategy analysis for BTCUSDT
2026-03-10 16:20:31,746 | INFO     | cryptobot.main | [BTCUSDT] Price: 70692.65, CVD: -16.405030000005453, Delta: 0.8406599999999977, Volume: 31831.01368
2026-03-10 16:20:31,746 | ERROR    | cryptobot.websocket | Error dispatching event: 'AbsorptionDetector' object has no attribute 'analyze_bar'
2026-03-10 16:20:31,746 | DEBUG    | cryptobot.websocket | Received message: {"stream":"btcusdt@trade","data":{"e":"trade","E":1773139824783,"s":"BTCUSDT","t":6087593529,"p":"70692.65000000","q":"0.00008000","T":1773139824781,"m":false,"M":true}}...
2026-03-10 16:20:31,746 | DEBUG    | cryptobot.websocket | Combined stream: btcusdt@trade
2026-03-10 16:20:31,746 | INFO     | cryptobot.main | Running strategy analysis for BTCUSDT
2026-03-10 16:20:31,758 | INFO     | cryptobot.main | [BTCUSDT] Price: 70692.65, CVD: -16.404950000005453, Delta: 0.8407399999999977, Volume: 31831.01368
2026-03-10 16:20:31,758 | ERROR    | cryptobot.websocket | Error dispatching event: 'AbsorptionDetector' object has no attribute 'analyze_bar'
2026-03-10 16:20:31,758 | DEBUG    | cryptobot.websocket | Received message: {"stream":"btcusdt@trade","data":{"e":"trade","E":1773139824783,"s":"BTCUSDT","t":6087593530,"p":"70692.65000000","q":"0.00008000","T":1773139824781,"m":false,"M":true}}...
2026-03-10 16:20:31,758 | DEBUG    | cryptobot.websocket | Combined stream: btcusdt@trade
2026-03-10 16:20:31,759 | INFO     | cryptobot.main | Running strategy analysis for BTCUSDT
2026-03-10 16:20:31,759 | INFO     | cryptobot.main | [BTCUSDT] Price: 70692.65, CVD: -16.404870000005452, Delta: 0.8408199999999977, Volume: 31831.01368
2026-03-10 16:20:31,759 | ERROR    | cryptobot.websocket | Error dispatching event: 'AbsorptionDetector' object has no attribute 'analyze_bar'
2026-03-10 16:20:31,759 | DEBUG    | cryptobot.websocket | Received message: {"stream":"btcusdt@trade","data":{"e":"trade","E":1773139824783,"s":"BTCUSDT","t":6087593531,"p":"70692.65000000","q":"0.00008000","T":1773139824781,"m":false,"M":true}}...
2026-03-10 16:20:31,759 | DEBUG    | cryptobot.websocket | Combined stream: btcusdt@trade
2026-03-10 16:20:31,759 | INFO     | cryptobot.main | Running strategy analysis for BTCUSDT
2026-03-10 16:20:31,759 | INFO     | cryptobot.main | [BTCUSDT] Price: 70692.65, CVD: -16.404790000005452, Delta: 0.8408999999999976, Volume: 31831.01368
2026-03-10 16:20:31,759 | ERROR    | cryptobot.websocket | Error dispatching event: 'AbsorptionDetector' object has no attribute 'analyze_bar'
2026-03-10 16:20:31,759 | DEBUG    | cryptobot.websocket | Received message: {"stream":"btcusdt@trade","data":{"e":"trade","E":1773139824783,"s":"BTCUSDT","t":6087593532,"p":"70692.65000000","q":"0.00008000","T":1773139824781,"m":false,"M":true}}...
2026-03-10 16:20:31,759 | DEBUG    | cryptobot.websocket | Combined stream: btcusdt@trade
2026-03-10 16:20:31,759 | INFO     | cryptobot.main | Running strategy analysis for BTCUSDT
2026-03-10 16:20:31,759 | INFO     | cryptobot.main | [BTCUSDT] Price: 70692.65, CVD: -16.40471000000545, Delta: 0.8409799999999976, Volume: 31831.01368
2026-03-10 16:20:31,759 | ERROR    | cryptobot.websocket | Error dispatching event: 'AbsorptionDetector' object has no attribute 'analyze_bar'
2026-03-10 16:20:31,759 | DEBUG    | cryptobot.websocket | Received message: {"stream":"btcusdt@trade","data":{"e":"trade","E":1773139824783,"s":"BTCUSDT","t":6087593533,"p":"70692.65000000","q":"0.00008000","T":1773139824781,"m":false,"M":true}}...
2026-03-10 16:20:31,759 | DEBUG    | cryptobot.websocket | Combined stream: btcusdt@trade
2026-03-10 16:20:31,759 | INFO     | cryptobot.main | Running strategy analysis for BTCUSDT
2026-03-10 16:20:31,759 | INFO     | cryptobot.main | [BTCUSDT] Price: 70692.65, CVD: -16.40463000000545, Delta: 0.8410599999999976, Volume: 31831.01368
2026-03-10 16:20:31,759 | ERROR    | cryptobot.websocket | Error dispatching event: 'AbsorptionDetector' object has no attribute 'analyze_bar'
2026-03-10 16:20:31,759 | DEBUG    | cryptobot.websocket | Received message: {"stream":"btcusdt@trade","data":{"e":"trade","E":1773139824783,"s":"BTCUSDT","t":6087593534,"p":"70692.65000000","q":"0.00008000","T":1773139824781,"m":false,"M":true}}...
2026-03-10 16:20:31,759 | DEBUG    | cryptobot.websocket | Combined stream: btcusdt@trade
2026-03-10 16:20:31,759 | INFO     | cryptobot.main | Running strategy analysis for BTCUSDT
2026-03-10 16:20:31,759 | INFO     | cryptobot.main | [BTCUSDT] Price: 70692.65, CVD: -16.40455000000545, Delta: 0.8411399999999976, Volume: 31831.01368
2026-03-10 16:20:31,759 | ERROR    | cryptobot.websocket | Error dispatching event: 'AbsorptionDetector' object has no attribute 'analyze_bar'
2026-03-10 16:20:31,759 | DEBUG    | cryptobot.websocket | Received message: {"stream":"btcusdt@trade","data":{"e":"trade","E":1773139824783,"s":"BTCUSDT","t":6087593535,"p":"70692.65000000","q":"0.00008000","T":1773139824781,"m":false,"M":true}}...
2026-03-10 16:20:31,759 | DEBUG    | cryptobot.websocket | Combined stream: btcusdt@trade
2026-03-10 16:20:31,759 | INFO     | cryptobot.main | Running strategy analysis for BTCUSDT
2026-03-10 16:20:31,759 | INFO     | cryptobot.main | [BTCUSDT] Price: 70692.65, CVD: -16.40447000000545, Delta: 0.8412199999999975, Volume: 31831.01368
2026-03-10 16:20:31,759 | ERROR    | cryptobot.websocket | Error dispatching event: 'AbsorptionDetector' object has no attribute 'analyze_bar'
2026-03-10 16:20:31,759 | DEBUG    | cryptobot.websocket | Received message: {"stream":"btcusdt@trade","data":{"e":"trade","E":1773139824783,"s":"BTCUSDT","t":6087593536,"p":"70692.65000000","q":"0.00008000","T":1773139824781,"m":false,"M":true}}...
2026-03-10 16:20:31,759 | DEBUG    | cryptobot.websocket | Combined stream: btcusdt@trade
2026-03-10 16:20:31,759 | INFO     | cryptobot.main | Running strategy analysis for BTCUSDT
2026-03-10 16:20:31,759 | INFO     | cryptobot.main | [BTCUSDT] Price: 70692.65, CVD: -16.40439000000545, Delta: 0.8412999999999975, Volume: 31831.01368
2026-03-10 16:20:31,759 | ERROR    | cryptobot.websocket | Error dispatching event: 'AbsorptionDetector' object has no attribute 'analyze_bar'
2026-03-10 16:20:31,759 | DEBUG    | cryptobot.websocket | Received message: {"stream":"btcusdt@trade","data":{"e":"trade","E":1773139824783,"s":"BTCUSDT","t":6087593537,"p":"70692.65000000","q":"0.00008000","T":1773139824781,"m":false,"M":true}}...
2026-03-10 16:20:31,759 | DEBUG    | cryptobot.websocket | Combined stream: btcusdt@trade
2026-03-10 16:20:31,759 | INFO     | cryptobot.main | Running strategy analysis for BTCUSDT
2026-03-10 16:20:31,759 | INFO     | cryptobot.main | [BTCUSDT] Price: 70692.65, CVD: -16.40431000000545, Delta: 0.8413799999999975, Volume: 31831.01368
2026-03-10 16:20:31,759 | ERROR    | cryptobot.websocket | Error dispatching event: 'AbsorptionDetector' object has no attribute 'analyze_bar'
2026-03-10 16:20:31,759 | DEBUG    | cryptobot.websocket | Received message: {"stream":"btcusdt@trade","data":{"e":"trade","E":1773139824783,"s":"BTCUSDT","t":6087593538,"p":"70692.65000000","q":"0.00008000","T":1773139824781,"m":false,"M":true}}...
2026-03-10 16:20:31,759 | DEBUG    | cryptobot.websocket | Combined stream: btcusdt@trade
2026-03-10 16:20:31,759 | INFO     | cryptobot.main | Running strategy analysis for BTCUSDT
2026-03-10 16:20:31,759 | INFO     | cryptobot.main | [BTCUSDT] Price: 70692.65, CVD: -16.404230000005448, Delta: 0.8414599999999974, Volume: 31831.01368
2026-03-10 16:20:31,759 | ERROR    | cryptobot.websocket | Error dispatching event: 'AbsorptionDetector' object has no attribute 'analyze_bar'
2026-03-10 16:20:31,759 | DEBUG    | cryptobot.websocket | Received message: {"stream":"btcusdt@trade","data":{"e":"trade","E":1773139824783,"s":"BTCUSDT","t":6087593539,"p":"70692.65000000","q":"0.00008000","T":1773139824781,"m":false,"M":true}}...
2026-03-10 16:20:31,759 | DEBUG    | cryptobot.websocket | Combined stream: btcusdt@trade
2026-03-10 16:20:31,759 | INFO     | cryptobot.main | Running strategy analysis for BTCUSDT
2026-03-10 16:20:31,759 | INFO     | cryptobot.main | [BTCUSDT] Price: 70692.65, CVD: -16.404150000005448, Delta: 0.8415399999999974, Volume: 31831.01368
2026-03-10 16:20:31,759 | ERROR    | cryptobot.websocket | Error dispatching event: 'AbsorptionDetector' object has no attribute 'analyze_bar'
2026-03-10 16:20:31,759 | DEBUG    | cryptobot.websocket | Received message: {"stream":"btcusdt@trade","data":{"e":"trade","E":1773139824783,"s":"BTCUSDT","t":6087593540,"p":"70692.65000000","q":"0.00008000","T":1773139824781,"m":false,"M":true}}...
2026-03-10 16:20:31,759 | DEBUG    | cryptobot.websocket | Combined stream: btcusdt@trade
2026-03-10 16:20:31,759 | INFO     | cryptobot.main | Running strategy analysis for BTCUSDT
2026-03-10 16:20:31,759 | INFO     | cryptobot.main | [BTCUSDT] Price: 70692.65, CVD: -16.404070000005447, Delta: 0.8416199999999974, Volume: 31831.01368
2026-03-10 16:20:31,759 | ERROR    | cryptobot.websocket | Error dispatching event: 'AbsorptionDetector' object has no attribute 'analyze_bar'
2026-03-10 16:20:31,759 | DEBUG    | cryptobot.websocket | Received message: {"stream":"btcusdt@trade","data":{"e":"trade","E":1773139824783,"s":"BTCUSDT","t":6087593541,"p":"70692.65000000","q":"0.00014000","T":1773139824781,"m":false,"M":true}}...
2026-03-10 16:20:31,759 | DEBUG    | cryptobot.websocket | Combined stream: btcusdt@trade
2026-03-10 16:20:31,759 | INFO     | cryptobot.main | Running strategy analysis for BTCUSDT
2026-03-10 16:20:31,759 | INFO     | cryptobot.main | [BTCUSDT] Price: 70692.65, CVD: -16.40393000000545, Delta: 0.8417599999999974, Volume: 31831.01368
2026-03-10 16:20:31,759 | ERROR    | cryptobot.websocket | Error dispatching event: 'AbsorptionDetector' object has no attribute 'analyze_bar'
2026-03-10 16:20:31,759 | DEBUG    | cryptobot.websocket | Received message: {"stream":"btcusdt@trade","data":{"e":"trade","E":1773139824783,"s":"BTCUSDT","t":6087593542,"p":"70692.65000000","q":"0.00008000","T":1773139824781,"m":false,"M":true}}...
2026-03-10 16:20:31,759 | DEBUG    | cryptobot.websocket | Combined stream: btcusdt@trade
2026-03-10 16:20:31,759 | INFO     | cryptobot.main | Running strategy analysis for BTCUSDT
2026-03-10 16:20:31,759 | INFO     | cryptobot.main | [BTCUSDT] Price: 70692.65, CVD: -16.40385000000545, Delta: 0.8418399999999974, Volume: 31831.01368
2026-03-10 16:20:31,759 | ERROR    | cryptobot.websocket | Error dispatching event: 'AbsorptionDetector' object has no attribute 'analyze_bar'
2026-03-10 16:20:31,759 | DEBUG    | cryptobot.websocket | Received message: {"stream":"btcusdt@trade","data":{"e":"trade","E":1773139824783,"s":"BTCUSDT","t":6087593543,"p":"70692.65000000","q":"0.00008000","T":1773139824781,"m":false,"M":true}}...
2026-03-10 16:20:31,759 | DEBUG    | cryptobot.websocket | Combined stream: btcusdt@trade
2026-03-10 16:20:31,759 | INFO     | cryptobot.main | Running strategy analysis for BTCUSDT
2026-03-10 16:20:31,759 | INFO     | cryptobot.main | [BTCUSDT] Price: 70692.65, CVD: -16.403770000005448, Delta: 0.8419199999999973, Volume: 31831.01368
2026-03-10 16:20:31,759 | ERROR    | cryptobot.websocket | Error dispatching event: 'AbsorptionDetector' object has no attribute 'analyze_bar'
2026-03-10 16:20:31,759 | DEBUG    | cryptobot.websocket | Received message: {"stream":"btcusdt@trade","data":{"e":"trade","E":1773139824783,"s":"BTCUSDT","t":6087593544,"p":"70692.65000000","q":"0.00008000","T":1773139824781,"m":false,"M":true}}...
2026-03-10 16:20:31,759 | DEBUG    | cryptobot.websocket | Combined stream: btcusdt@trade
2026-03-10 16:20:31,759 | INFO     | cryptobot.main | Running strategy analysis for BTCUSDT
2026-03-10 16:20:31,759 | INFO     | cryptobot.main | [BTCUSDT] Price: 70692.65, CVD: -16.403690000005447, Delta: 0.8419999999999973, Volume: 31831.01368
2026-03-10 16:20:31,759 | ERROR    | cryptobot.websocket | Error dispatching event: 'AbsorptionDetector' object has no attribute 'analyze_bar'
2026-03-10 16:20:31,759 | DEBUG    | cryptobot.websocket | Received message: {"stream":"btcusdt@trade","data":{"e":"trade","E":1773139824783,"s":"BTCUSDT","t":6087593545,"p":"70692.65000000","q":"0.00008000","T":1773139824781,"m":false,"M":true}}...
2026-03-10 16:20:31,759 | DEBUG    | cryptobot.websocket | Combined stream: btcusdt@trade
2026-03-10 16:20:31,759 | INFO     | cryptobot.main | Running strategy analysis for BTCUSDT
2026-03-10 16:20:31,759 | INFO     | cryptobot.main | [BTCUSDT] Price: 70692.65, CVD: -16.403610000005447, Delta: 0.8420799999999973, Volume: 31831.01368
2026-03-10 16:20:31,759 | ERROR    | cryptobot.websocket | Error dispatching event: 'AbsorptionDetector' object has no attribute 'analyze_bar'
2026-03-10 16:20:31,759 | DEBUG    | cryptobot.websocket | Received message: {"stream":"btcusdt@trade","data":{"e":"trade","E":1773139824783,"s":"BTCUSDT","t":6087593546,"p":"70692.66000000","q":"0.00008000","T":1773139824781,"m":false,"M":true}}...
2026-03-10 16:20:31,759 | DEBUG    | cryptobot.websocket | Combined stream: btcusdt@trade
2026-03-10 16:20:31,759 | INFO     | cryptobot.main | Running strategy analysis for BTCUSDT
2026-03-10 16:20:31,759 | INFO     | cryptobot.main | [BTCUSDT] Price: 70692.65, CVD: -16.403530000005446, Delta: 0.8421599999999972, Volume: 31831.01368
2026-03-10 16:20:31,773 | ERROR    | cryptobot.websocket | Error dispatching event: 'AbsorptionDetector' object has no attribute 'analyze_bar'
2026-03-10 16:20:31,773 | DEBUG    | cryptobot.websocket | Received message: {"stream":"btcusdt@trade","data":{"e":"trade","E":1773139824783,"s":"BTCUSDT","t":6087593547,"p":"70692.66000000","q":"0.00008000","T":1773139824781,"m":false,"M":true}}...
2026-03-10 16:20:31,773 | DEBUG    | cryptobot.websocket | Combined stream: btcusdt@trade
2026-03-10 16:20:31,773 | INFO     | cryptobot.main | Running strategy analysis for BTCUSDT
2026-03-10 16:20:31,774 | INFO     | cryptobot.main | [BTCUSDT] Price: 70692.65, CVD: -16.403450000005446, Delta: 0.8422399999999972, Volume: 31831.01368
2026-03-10 16:20:31,774 | ERROR    | cryptobot.websocket | Error dispatching event: 'AbsorptionDetector' object has no attribute 'analyze_bar'
2026-03-10 16:20:31,774 | DEBUG    | cryptobot.websocket | Received message: {"stream":"btcusdt@trade","data":{"e":"trade","E":1773139824783,"s":"BTCUSDT","t":6087593548,"p":"70692.66000000","q":"0.00008000","T":1773139824781,"m":false,"M":true}}...
2026-03-10 16:20:31,775 | DEBUG    | cryptobot.websocket | Combined stream: btcusdt@trade
2026-03-10 16:20:31,775 | INFO     | cryptobot.main | Running strategy analysis for BTCUSDT
2026-03-10 16:20:31,776 | INFO     | cryptobot.main | [BTCUSDT] Price: 70692.65, CVD: -16.403370000005445, Delta: 0.8423199999999972, Volume: 31831.01368
2026-03-10 16:20:31,777 | ERROR    | cryptobot.websocket | Error dispatching event: 'AbsorptionDetector' object has no attribute 'analyze_bar'
2026-03-10 16:20:31,777 | DEBUG    | cryptobot.websocket | Received message: {"stream":"btcusdt@trade","data":{"e":"trade","E":1773139824783,"s":"BTCUSDT","t":6087593549,"p":"70692.66000000","q":"0.00008000","T":1773139824781,"m":false,"M":true}}...
2026-03-10 16:20:31,777 | DEBUG    | cryptobot.websocket | Combined stream: btcusdt@trade
2026-03-10 16:20:31,777 | INFO     | cryptobot.main | Running strategy analysis for BTCUSDT
2026-03-10 16:20:31,777 | INFO     | cryptobot.main | [BTCUSDT] Price: 70692.65, CVD: -16.403290000005445, Delta: 0.8423999999999972, Volume: 31831.01368
2026-03-10 16:20:31,777 | ERROR    | cryptobot.websocket | Error dispatching event: 'AbsorptionDetector' object has no attribute 'analyze_bar'
2026-03-10 16:20:31,777 | DEBUG    | cryptobot.websocket | Received message: {"stream":"btcusdt@trade","data":{"e":"trade","E":1773139824783,"s":"BTCUSDT","t":6087593550,"p":"70692.66000000","q":"0.00008000","T":1773139824781,"m":false,"M":true}}...
2026-03-10 16:20:31,777 | DEBUG    | cryptobot.websocket | Combined stream: btcusdt@trade
2026-03-10 16:20:31,777 | INFO     | cryptobot.main | Running strategy analysis for BTCUSDT
2026-03-10 16:20:31,777 | INFO     | cryptobot.main | [BTCUSDT] Price: 70692.65, CVD: -16.403210000005444, Delta: 0.8424799999999971, Volume: 31831.01368
2026-03-10 16:20:31,777 | ERROR    | cryptobot.websocket | Error dispatching event: 'AbsorptionDetector' object has no attribute 'analyze_bar'
2026-03-10 16:20:31,777 | DEBUG    | cryptobot.websocket | Received message: {"stream":"btcusdt@trade","data":{"e":"trade","E":1773139824783,"s":"BTCUSDT","t":6087593551,"p":"70692.66000000","q":"0.00008000","T":1773139824781,"m":false,"M":true}}...
2026-03-10 16:20:31,777 | DEBUG    | cryptobot.websocket | Combined stream: btcusdt@trade
2026-03-10 16:20:31,777 | INFO     | cryptobot.main | Running strategy analysis for BTCUSDT
2026-03-10 16:20:31,777 | INFO     | cryptobot.main | [BTCUSDT] Price: 70692.65, CVD: -16.403130000005444, Delta: 0.8425599999999971, Volume: 31831.01368
2026-03-10 16:20:31,777 | ERROR    | cryptobot.websocket | Error dispatching event: 'AbsorptionDetector' object has no attribute 'analyze_bar'
2026-03-10 16:20:31,777 | DEBUG    | cryptobot.websocket | Received message: {"stream":"btcusdt@trade","data":{"e":"trade","E":1773139824783,"s":"BTCUSDT","t":6087593552,"p":"70692.72000000","q":"0.00015000","T":1773139824781,"m":false,"M":true}}...
2026-03-10 16:20:31,777 | DEBUG    | cryptobot.websocket | Combined stream: btcusdt@trade
2026-03-10 16:20:31,777 | INFO     | cryptobot.main | Running strategy analysis for BTCUSDT
2026-03-10 16:20:31,777 | INFO     | cryptobot.main | [BTCUSDT] Price: 70692.65, CVD: -16.402980000005442, Delta: 0.8427099999999971, Volume: 31831.01368
2026-03-10 16:20:31,777 | ERROR    | cryptobot.websocket | Error dispatching event: 'AbsorptionDetector' object has no attribute 'analyze_bar'
2026-03-10 16:20:31,777 | DEBUG    | cryptobot.websocket | Received message: {"stream":"btcusdt@trade","data":{"e":"trade","E":1773139824783,"s":"BTCUSDT","t":6087593553,"p":"70694.08000000","q":"0.00008000","T":1773139824781,"m":false,"M":true}}...
2026-03-10 16:20:31,777 | DEBUG    | cryptobot.websocket | Combined stream: btcusdt@trade
2026-03-10 16:20:31,777 | INFO     | cryptobot.main | Running strategy analysis for BTCUSDT
2026-03-10 16:20:31,777 | INFO     | cryptobot.main | [BTCUSDT] Price: 70692.65, CVD: -16.40290000000544, Delta: 0.842789999999997, Volume: 31831.01368
2026-03-10 16:20:31,777 | ERROR    | cryptobot.websocket | Error dispatching event: 'AbsorptionDetector' object has no attribute 'analyze_bar'
2026-03-10 16:20:31,777 | DEBUG    | cryptobot.websocket | Received message: {"stream":"btcusdt@trade","data":{"e":"trade","E":1773139824783,"s":"BTCUSDT","t":6087593554,"p":"70694.19000000","q":"0.00008000","T":1773139824781,"m":false,"M":true}}...
2026-03-10 16:20:31,777 | DEBUG    | cryptobot.websocket | Combined stream: btcusdt@trade
2026-03-10 16:20:31,777 | INFO     | cryptobot.main | Running strategy analysis for BTCUSDT
2026-03-10 16:20:31,777 | INFO     | cryptobot.main | [BTCUSDT] Price: 70692.65, CVD: -16.40282000000544, Delta: 0.842869999999997, Volume: 31831.01368
2026-03-10 16:20:31,777 | ERROR    | cryptobot.websocket | Error dispatching event: 'AbsorptionDetector' object has no attribute 'analyze_bar'
2026-03-10 16:20:31,777 | DEBUG    | cryptobot.websocket | Received message: {"stream":"btcusdt@trade","data":{"e":"trade","E":1773139824783,"s":"BTCUSDT","t":6087593555,"p":"70694.19000000","q":"0.00008000","T":1773139824781,"m":false,"M":true}}...
2026-03-10 16:20:31,777 | DEBUG    | cryptobot.websocket | Combined stream: btcusdt@trade
2026-03-10 16:20:31,777 | INFO     | cryptobot.main | Running strategy analysis for BTCUSDT
2026-03-10 16:20:31,777 | INFO     | cryptobot.main | [BTCUSDT] Price: 70692.65, CVD: -16.40274000000544, Delta: 0.842949999999997, Volume: 31831.01368
2026-03-10 16:20:31,777 | ERROR    | cryptobot.websocket | Error dispatching event: 'AbsorptionDetector' object has no attribute 'analyze_bar'
2026-03-10 16:20:31,777 | DEBUG    | cryptobot.websocket | Received message: {"stream":"btcusdt@trade","data":{"e":"trade","E":1773139824783,"s":"BTCUSDT","t":6087593556,"p":"70694.19000000","q":"0.00008000","T":1773139824781,"m":false,"M":true}}...
2026-03-10 16:20:31,777 | DEBUG    | cryptobot.websocket | Combined stream: btcusdt@trade
2026-03-10 16:20:31,777 | INFO     | cryptobot.main | Running strategy analysis for BTCUSDT
2026-03-10 16:20:31,777 | INFO     | cryptobot.main | [BTCUSDT] Price: 70692.65, CVD: -16.40266000000544, Delta: 0.843029999999997, Volume: 31831.01368
2026-03-10 16:20:31,777 | ERROR    | cryptobot.websocket | Error dispatching event: 'AbsorptionDetector' object has no attribute 'analyze_bar'
2026-03-10 16:20:31,777 | DEBUG    | cryptobot.websocket | Received message: {"stream":"btcusdt@trade","data":{"e":"trade","E":1773139824783,"s":"BTCUSDT","t":6087593557,"p":"70694.19000000","q":"0.00008000","T":1773139824781,"m":false,"M":true}}...
2026-03-10 16:20:31,777 | DEBUG    | cryptobot.websocket | Combined stream: btcusdt@trade
2026-03-10 16:20:31,777 | INFO     | cryptobot.main | Running strategy analysis for BTCUSDT
2026-03-10 16:20:31,777 | INFO     | cryptobot.main | [BTCUSDT] Price: 70692.65, CVD: -16.40258000000544, Delta: 0.8431099999999969, Volume: 31831.01368
2026-03-10 16:20:31,777 | ERROR    | cryptobot.websocket | Error dispatching event: 'AbsorptionDetector' object has no attribute 'analyze_bar'
2026-03-10 16:20:31,777 | DEBUG    | cryptobot.websocket | Received message: {"stream":"btcusdt@trade","data":{"e":"trade","E":1773139824783,"s":"BTCUSDT","t":6087593558,"p":"70694.20000000","q":"0.06514000","T":1773139824781,"m":false,"M":true}}...
2026-03-10 16:20:31,777 | DEBUG    | cryptobot.websocket | Combined stream: btcusdt@trade
2026-03-10 16:20:31,777 | INFO     | cryptobot.main | Running strategy analysis for BTCUSDT
2026-03-10 16:20:31,777 | INFO     | cryptobot.main | [BTCUSDT] Price: 70692.65, CVD: -16.33744000000544, Delta: 0.908249999999997, Volume: 31831.01368
2026-03-10 16:20:31,777 | ERROR    | cryptobot.websocket | Error dispatching event: 'AbsorptionDetector' object has no attribute 'analyze_bar'
2026-03-10 16:20:31,777 | DEBUG    | cryptobot.websocket | Received message: {"stream":"btcusdt@trade","data":{"e":"trade","E":1773139824783,"s":"BTCUSDT","t":6087593559,"p":"70694.20000000","q":"0.00008000","T":1773139824781,"m":false,"M":true}}...
2026-03-10 16:20:31,777 | DEBUG    | cryptobot.websocket | Combined stream: btcusdt@trade
2026-03-10 16:20:31,777 | INFO     | cryptobot.main | Running strategy analysis for BTCUSDT
2026-03-10 16:20:31,777 | INFO     | cryptobot.main | [BTCUSDT] Price: 70692.65, CVD: -16.33736000000544, Delta: 0.9083299999999971, Volume: 31831.01368
2026-03-10 16:20:31,777 | ERROR    | cryptobot.websocket | Error dispatching event: 'AbsorptionDetector' object has no attribute 'analyze_bar'
2026-03-10 16:20:31,777 | DEBUG    | cryptobot.websocket | Received message: {"stream":"btcusdt@trade","data":{"e":"trade","E":1773139824783,"s":"BTCUSDT","t":6087593560,"p":"70694.20000000","q":"0.00008000","T":1773139824781,"m":false,"M":true}}...
2026-03-10 16:20:31,777 | DEBUG    | cryptobot.websocket | Combined stream: btcusdt@trade
2026-03-10 16:20:31,777 | INFO     | cryptobot.main | Running strategy analysis for BTCUSDT
2026-03-10 16:20:31,777 | INFO     | cryptobot.main | [BTCUSDT] Price: 70692.65, CVD: -16.33728000000544, Delta: 0.9084099999999972, Volume: 31831.01368
2026-03-10 16:20:31,777 | ERROR    | cryptobot.websocket | Error dispatching event: 'AbsorptionDetector' object has no attribute 'analyze_bar'
2026-03-10 16:20:31,777 | DEBUG    | cryptobot.websocket | Received message: {"stream":"btcusdt@trade","data":{"e":"trade","E":1773139824783,"s":"BTCUSDT","t":6087593561,"p":"70694.40000000","q":"0.00008000","T":1773139824781,"m":false,"M":true}}...
2026-03-10 16:20:31,777 | DEBUG    | cryptobot.websocket | Combined stream: btcusdt@trade
2026-03-10 16:20:31,777 | INFO     | cryptobot.main | Running strategy analysis for BTCUSDT
2026-03-10 16:20:31,777 | INFO     | cryptobot.main | [BTCUSDT] Price: 70692.65, CVD: -16.33720000000544, Delta: 0.9084899999999972, Volume: 31831.01368
2026-03-10 16:20:31,777 | ERROR    | cryptobot.websocket | Error dispatching event: 'AbsorptionDetector' object has no attribute 'analyze_bar'
2026-03-10 16:20:31,790 | DEBUG    | cryptobot.websocket | Received message: {"stream":"btcusdt@trade","data":{"e":"trade","E":1773139824783,"s":"BTCUSDT","t":6087593562,"p":"70694.58000000","q":"0.00008000","T":1773139824781,"m":false,"M":true}}...
2026-03-10 16:20:31,790 | DEBUG    | cryptobot.websocket | Combined stream: btcusdt@trade
2026-03-10 16:20:31,790 | INFO     | cryptobot.main | Running strategy analysis for BTCUSDT
2026-03-10 16:20:31,790 | INFO     | cryptobot.main | [BTCUSDT] Price: 70692.65, CVD: -16.337120000005438, Delta: 0.9085699999999973, Volume: 31831.01368
2026-03-10 16:20:31,790 | ERROR    | cryptobot.websocket | Error dispatching event: 'AbsorptionDetector' object has no attribute 'analyze_bar'
2026-03-10 16:20:31,791 | DEBUG    | cryptobot.websocket | Received message: {"stream":"btcusdt@trade","data":{"e":"trade","E":1773139824783,"s":"BTCUSDT","t":6087593563,"p":"70694.58000000","q":"0.00008000","T":1773139824781,"m":false,"M":true}}...
2026-03-10 16:20:31,791 | DEBUG    | cryptobot.websocket | Combined stream: btcusdt@trade
2026-03-10 16:20:31,791 | INFO     | cryptobot.main | Running strategy analysis for BTCUSDT
2026-03-10 16:20:31,791 | INFO     | cryptobot.main | [BTCUSDT] Price: 70692.65, CVD: -16.337040000005437, Delta: 0.9086499999999974, Volume: 31831.01368
2026-03-10 16:20:31,791 | ERROR    | cryptobot.websocket | Error dispatching event: 'AbsorptionDetector' object has no attribute 'analyze_bar'
2026-03-10 16:20:31,791 | DEBUG    | cryptobot.websocket | Received message: {"stream":"btcusdt@trade","data":{"e":"trade","E":1773139824783,"s":"BTCUSDT","t":6087593564,"p":"70694.58000000","q":"0.00008000","T":1773139824781,"m":false,"M":true}}...
2026-03-10 16:20:31,792 | DEBUG    | cryptobot.websocket | Combined stream: btcusdt@trade
2026-03-10 16:20:31,792 | INFO     | cryptobot.main | Running strategy analysis for BTCUSDT
2026-03-10 16:20:31,792 | INFO     | cryptobot.main | [BTCUSDT] Price: 70692.65, CVD: -16.336960000005437, Delta: 0.9087299999999975, Volume: 31831.01368
2026-03-10 16:20:31,792 | ERROR    | cryptobot.websocket | Error dispatching event: 'AbsorptionDetector' object has no attribute 'analyze_bar'
2026-03-10 16:20:31,793 | DEBUG    | cryptobot.websocket | Received message: {"stream":"btcusdt@trade","data":{"e":"trade","E":1773139824783,"s":"BTCUSDT","t":6087593565,"p":"70694.58000000","q":"0.00008000","T":1773139824781,"m":false,"M":true}}...
2026-03-10 16:20:31,793 | DEBUG    | cryptobot.websocket | Combined stream: btcusdt@trade
2026-03-10 16:20:31,793 | INFO     | cryptobot.main | Running strategy analysis for BTCUSDT
2026-03-10 16:20:31,793 | INFO     | cryptobot.main | [BTCUSDT] Price: 70692.65, CVD: -16.336880000005436, Delta: 0.9088099999999976, Volume: 31831.01368
2026-03-10 16:20:31,793 | ERROR    | cryptobot.websocket | Error dispatching event: 'AbsorptionDetector' object has no attribute 'analyze_bar'
2026-03-10 16:20:31,793 | DEBUG    | cryptobot.websocket | Received message: {"stream":"btcusdt@trade","data":{"e":"trade","E":1773139824783,"s":"BTCUSDT","t":6087593566,"p":"70694.59000000","q":"0.05972000","T":1773139824781,"m":false,"M":true}}...
2026-03-10 16:20:31,793 | DEBUG    | cryptobot.websocket | Combined stream: btcusdt@trade
2026-03-10 16:20:31,793 | INFO     | cryptobot.main | Running strategy analysis for BTCUSDT
2026-03-10 16:20:31,793 | INFO     | cryptobot.main | [BTCUSDT] Price: 70692.65, CVD: -16.277160000005438, Delta: 0.9685299999999976, Volume: 31831.01368
2026-03-10 16:20:31,793 | ERROR    | cryptobot.websocket | Error dispatching event: 'AbsorptionDetector' object has no attribute 'analyze_bar'
2026-03-10 16:20:31,793 | DEBUG    | cryptobot.websocket | Received message: {"stream":"btcusdt@trade","data":{"e":"trade","E":1773139824783,"s":"BTCUSDT","t":6087593567,"p":"70694.59000000","q":"0.00008000","T":1773139824781,"m":false,"M":true}}...
2026-03-10 16:20:31,793 | DEBUG    | cryptobot.websocket | Combined stream: btcusdt@trade
2026-03-10 16:20:31,793 | INFO     | cryptobot.main | Running strategy analysis for BTCUSDT
2026-03-10 16:20:31,793 | INFO     | cryptobot.main | [BTCUSDT] Price: 70692.65, CVD: -16.277080000005437, Delta: 0.9686099999999976, Volume: 31831.01368
2026-03-10 16:20:31,793 | ERROR    | cryptobot.websocket | Error dispatching event: 'AbsorptionDetector' object has no attribute 'analyze_bar'
2026-03-10 16:20:31,793 | DEBUG    | cryptobot.websocket | Received message: {"stream":"btcusdt@trade","data":{"e":"trade","E":1773139824783,"s":"BTCUSDT","t":6087593568,"p":"70694.59000000","q":"0.00199000","T":1773139824781,"m":false,"M":true}}...
2026-03-10 16:20:31,793 | DEBUG    | cryptobot.websocket | Combined stream: btcusdt@trade
2026-03-10 16:20:31,793 | INFO     | cryptobot.main | Running strategy analysis for BTCUSDT
2026-03-10 16:20:31,793 | INFO     | cryptobot.main | [BTCUSDT] Price: 70692.65, CVD: -16.275090000005438, Delta: 0.9705999999999976, Volume: 31831.01368
2026-03-10 16:20:31,793 | ERROR    | cryptobot.websocket | Error dispatching event: 'AbsorptionDetector' object has no attribute 'analyze_bar'
2026-03-10 16:20:31,793 | DEBUG    | cryptobot.websocket | Received message: {"stream":"btcusdt@trade","data":{"e":"trade","E":1773139824783,"s":"BTCUSDT","t":6087593569,"p":"70694.59000000","q":"0.00008000","T":1773139824781,"m":false,"M":true}}...
2026-03-10 16:20:31,793 | DEBUG    | cryptobot.websocket | Combined stream: btcusdt@trade
2026-03-10 16:20:31,793 | INFO     | cryptobot.main | Running strategy analysis for BTCUSDT
2026-03-10 16:20:31,793 | INFO     | cryptobot.main | [BTCUSDT] Price: 70692.65, CVD: -16.275010000005437, Delta: 0.9706799999999977, Volume: 31831.01368
2026-03-10 16:20:31,793 | ERROR    | cryptobot.websocket | Error dispatching event: 'AbsorptionDetector' object has no attribute 'analyze_bar'
2026-03-10 16:20:31,793 | DEBUG    | cryptobot.websocket | Received message: {"stream":"btcusdt@trade","data":{"e":"trade","E":1773139824783,"s":"BTCUSDT","t":6087593570,"p":"70694.59000000","q":"0.00008000","T":1773139824781,"m":false,"M":true}}...
2026-03-10 16:20:31,793 | DEBUG    | cryptobot.websocket | Combined stream: btcusdt@trade
2026-03-10 16:20:31,793 | INFO     | cryptobot.main | Running strategy analysis for BTCUSDT
2026-03-10 16:20:31,793 | INFO     | cryptobot.main | [BTCUSDT] Price: 70692.65, CVD: -16.274930000005437, Delta: 0.9707599999999977, Volume: 31831.01368
2026-03-10 16:20:31,793 | ERROR    | cryptobot.websocket | Error dispatching event: 'AbsorptionDetector' object has no attribute 'analyze_bar'
2026-03-10 16:20:31,793 | DEBUG    | cryptobot.websocket | Received message: {"stream":"btcusdt@trade","data":{"e":"trade","E":1773139824783,"s":"BTCUSDT","t":6087593571,"p":"70694.59000000","q":"0.00008000","T":1773139824781,"m":false,"M":true}}...
2026-03-10 16:20:31,793 | DEBUG    | cryptobot.websocket | Combined stream: btcusdt@trade
2026-03-10 16:20:31,793 | INFO     | cryptobot.main | Running strategy analysis for BTCUSDT
2026-03-10 16:20:31,793 | INFO     | cryptobot.main | [BTCUSDT] Price: 70692.65, CVD: -16.274850000005436, Delta: 0.9708399999999978, Volume: 31831.01368
2026-03-10 16:20:31,793 | ERROR    | cryptobot.websocket | Error dispatching event: 'AbsorptionDetector' object has no attribute 'analyze_bar'
2026-03-10 16:20:31,793 | DEBUG    | cryptobot.websocket | Received message: {"stream":"btcusdt@trade","data":{"e":"trade","E":1773139824783,"s":"BTCUSDT","t":6087593572,"p":"70694.59000000","q":"0.00008000","T":1773139824781,"m":false,"M":true}}...
2026-03-10 16:20:31,793 | DEBUG    | cryptobot.websocket | Combined stream: btcusdt@trade
2026-03-10 16:20:31,793 | INFO     | cryptobot.main | Running strategy analysis for BTCUSDT
2026-03-10 16:20:31,793 | INFO     | cryptobot.main | [BTCUSDT] Price: 70692.65, CVD: -16.274770000005436, Delta: 0.9709199999999979, Volume: 31831.01368
2026-03-10 16:20:31,793 | ERROR    | cryptobot.websocket | Error dispatching event: 'AbsorptionDetector' object has no attribute 'analyze_bar'
2026-03-10 16:20:31,793 | DEBUG    | cryptobot.websocket | Received message: {"stream":"btcusdt@trade","data":{"e":"trade","E":1773139824783,"s":"BTCUSDT","t":6087593573,"p":"70694.59000000","q":"0.00008000","T":1773139824781,"m":false,"M":true}}...
2026-03-10 16:20:31,793 | DEBUG    | cryptobot.websocket | Combined stream: btcusdt@trade
2026-03-10 16:20:31,793 | INFO     | cryptobot.main | Running strategy analysis for BTCUSDT
2026-03-10 16:20:31,793 | INFO     | cryptobot.main | [BTCUSDT] Price: 70692.65, CVD: -16.274690000005435, Delta: 0.970999999999998, Volume: 31831.01368
2026-03-10 16:20:31,793 | ERROR    | cryptobot.websocket | Error dispatching event: 'AbsorptionDetector' object has no attribute 'analyze_bar'
2026-03-10 16:20:31,793 | DEBUG    | cryptobot.websocket | Received message: {"stream":"btcusdt@trade","data":{"e":"trade","E":1773139824783,"s":"BTCUSDT","t":6087593574,"p":"70695.13000000","q":"0.00008000","T":1773139824781,"m":false,"M":true}}...
2026-03-10 16:20:31,793 | DEBUG    | cryptobot.websocket | Combined stream: btcusdt@trade
2026-03-10 16:20:31,793 | INFO     | cryptobot.main | Running strategy analysis for BTCUSDT
2026-03-10 16:20:31,793 | INFO     | cryptobot.main | [BTCUSDT] Price: 70692.65, CVD: -16.274610000005435, Delta: 0.9710799999999981, Volume: 31831.01368
2026-03-10 16:20:31,793 | ERROR    | cryptobot.websocket | Error dispatching event: 'AbsorptionDetector' object has no attribute 'analyze_bar'
2026-03-10 16:20:31,793 | DEBUG    | cryptobot.websocket | Received message: {"stream":"btcusdt@trade","data":{"e":"trade","E":1773139824783,"s":"BTCUSDT","t":6087593575,"p":"70695.13000000","q":"0.00008000","T":1773139824781,"m":false,"M":true}}...
2026-03-10 16:20:31,793 | DEBUG    | cryptobot.websocket | Combined stream: btcusdt@trade
2026-03-10 16:20:31,793 | INFO     | cryptobot.main | Running strategy analysis for BTCUSDT
2026-03-10 16:20:31,793 | INFO     | cryptobot.main | [BTCUSDT] Price: 70692.65, CVD: -16.274530000005434, Delta: 0.9711599999999981, Volume: 31831.01368
2026-03-10 16:20:31,793 | ERROR    | cryptobot.websocket | Error dispatching event: 'AbsorptionDetector' object has no attribute 'analyze_bar'
2026-03-10 16:20:31,793 | DEBUG    | cryptobot.websocket | Received message: {"stream":"btcusdt@trade","data":{"e":"trade","E":1773139824783,"s":"BTCUSDT","t":6087593576,"p":"70696.29000000","q":"0.00008000","T":1773139824781,"m":false,"M":true}}...
2026-03-10 16:20:31,793 | DEBUG    | cryptobot.websocket | Combined stream: btcusdt@trade
2026-03-10 16:20:31,793 | INFO     | cryptobot.main | Running strategy analysis for BTCUSDT
2026-03-10 16:20:31,793 | INFO     | cryptobot.main | [BTCUSDT] Price: 70692.65, CVD: -16.274450000005434, Delta: 0.9712399999999982, Volume: 31831.01368
2026-03-10 16:20:31,793 | ERROR    | cryptobot.websocket | Error dispatching event: 'AbsorptionDetector' object has no attribute 'analyze_bar'
2026-03-10 16:20:31,793 | DEBUG    | cryptobot.websocket | Received message: {"stream":"btcusdt@trade","data":{"e":"trade","E":1773139824783,"s":"BTCUSDT","t":6087593577,"p":"70696.29000000","q":"0.00008000","T":1773139824781,"m":false,"M":true}}...
2026-03-10 16:20:31,793 | DEBUG    | cryptobot.websocket | Combined stream: btcusdt@trade
2026-03-10 16:20:31,793 | INFO     | cryptobot.main | Running strategy analysis for BTCUSDT
2026-03-10 16:20:31,793 | INFO     | cryptobot.main | [BTCUSDT] Price: 70692.65, CVD: -16.274370000005433, Delta: 0.9713199999999983, Volume: 31831.01368
2026-03-10 16:20:31,793 | ERROR    | cryptobot.websocket | Error dispatching event: 'AbsorptionDetector' object has no attribute 'analyze_bar'
2026-03-10 16:20:31,793 | DEBUG    | cryptobot.websocket | Received message: {"stream":"btcusdt@trade","data":{"e":"trade","E":1773139824783,"s":"BTCUSDT","t":6087593578,"p":"70696.29000000","q":"0.00008000","T":1773139824781,"m":false,"M":true}}...
2026-03-10 16:20:31,793 | DEBUG    | cryptobot.websocket | Combined stream: btcusdt@trade
2026-03-10 16:20:31,793 | INFO     | cryptobot.main | Running strategy analysis for BTCUSDT
2026-03-10 16:20:31,793 | INFO     | cryptobot.main | [BTCUSDT] Price: 70692.65, CVD: -16.274290000005433, Delta: 0.9713999999999984, Volume: 31831.01368
2026-03-10 16:20:31,793 | ERROR    | cryptobot.websocket | Error dispatching event: 'AbsorptionDetector' object has no attribute 'analyze_bar'
2026-03-10 16:20:31,793 | DEBUG    | cryptobot.websocket | Received message: {"stream":"btcusdt@trade","data":{"e":"trade","E":1773139824783,"s":"BTCUSDT","t":6087593579,"p":"70696.29000000","q":"0.00008000","T":1773139824781,"m":false,"M":true}}...
2026-03-10 16:20:31,793 | DEBUG    | cryptobot.websocket | Combined stream: btcusdt@trade
2026-03-10 16:20:31,793 | INFO     | cryptobot.main | Running strategy analysis for BTCUSDT
2026-03-10 16:20:31,793 | INFO     | cryptobot.main | [BTCUSDT] Price: 70692.65, CVD: -16.274210000005432, Delta: 0.9714799999999985, Volume: 31831.01368
2026-03-10 16:20:31,793 | ERROR    | cryptobot.websocket | Error dispatching event: 'AbsorptionDetector' object has no attribute 'analyze_bar'
2026-03-10 16:20:31,793 | DEBUG    | cryptobot.websocket | Received message: {"stream":"btcusdt@trade","data":{"e":"trade","E":1773139824783,"s":"BTCUSDT","t":6087593580,"p":"70696.30000000","q":"0.01240000","T":1773139824781,"m":false,"M":true}}...
2026-03-10 16:20:31,793 | DEBUG    | cryptobot.websocket | Combined stream: btcusdt@trade
2026-03-10 16:20:31,793 | INFO     | cryptobot.main | Running strategy analysis for BTCUSDT
2026-03-10 16:20:31,793 | INFO     | cryptobot.main | [BTCUSDT] Price: 70692.65, CVD: -16.261810000005433, Delta: 0.9838799999999984, Volume: 31831.01368
2026-03-10 16:20:31,793 | ERROR    | cryptobot.websocket | Error dispatching event: 'AbsorptionDetector' object has no attribute 'analyze_bar'
2026-03-10 16:20:31,793 | DEBUG    | cryptobot.websocket | Received message: {"stream":"btcusdt@trade","data":{"e":"trade","E":1773139824783,"s":"BTCUSDT","t":6087593581,"p":"70696.30000000","q":"0.00008000","T":1773139824781,"m":false,"M":true}}...
2026-03-10 16:20:31,793 | DEBUG    | cryptobot.websocket | Combined stream: btcusdt@trade
2026-03-10 16:20:31,793 | INFO     | cryptobot.main | Running strategy analysis for BTCUSDT
2026-03-10 16:20:31,807 | INFO     | cryptobot.main | [BTCUSDT] Price: 70692.65, CVD: -16.261730000005432, Delta: 0.9839599999999985, Volume: 31831.01368
2026-03-10 16:20:31,807 | ERROR    | cryptobot.websocket | Error dispatching event: 'AbsorptionDetector' object has no attribute 'analyze_bar'
2026-03-10 16:20:31,808 | DEBUG    | cryptobot.websocket | Received message: {"stream":"btcusdt@trade","data":{"e":"trade","E":1773139824783,"s":"BTCUSDT","t":6087593582,"p":"70696.30000000","q":"0.00008000","T":1773139824781,"m":false,"M":true}}...
2026-03-10 16:20:31,808 | DEBUG    | cryptobot.websocket | Combined stream: btcusdt@trade
2026-03-10 16:20:31,809 | INFO     | cryptobot.main | Running strategy analysis for BTCUSDT
2026-03-10 16:20:31,809 | INFO     | cryptobot.main | [BTCUSDT] Price: 70692.65, CVD: -16.26165000000543, Delta: 0.9840399999999986, Volume: 31831.01368
2026-03-10 16:20:31,809 | ERROR    | cryptobot.websocket | Error dispatching event: 'AbsorptionDetector' object has no attribute 'analyze_bar'
2026-03-10 16:20:31,809 | DEBUG    | cryptobot.websocket | Received message: {"stream":"btcusdt@trade","data":{"e":"trade","E":1773139824783,"s":"BTCUSDT","t":6087593583,"p":"70696.31000000","q":"0.00412000","T":1773139824781,"m":false,"M":true}}...
2026-03-10 16:20:31,810 | DEBUG    | cryptobot.websocket | Combined stream: btcusdt@trade
2026-03-10 16:20:31,810 | INFO     | cryptobot.main | Running strategy analysis for BTCUSDT
2026-03-10 16:20:31,810 | INFO     | cryptobot.main | [BTCUSDT] Price: 70692.65, CVD: -16.25753000000543, Delta: 0.9881599999999985, Volume: 31831.01368
2026-03-10 16:20:31,810 | ERROR    | cryptobot.websocket | Error dispatching event: 'AbsorptionDetector' object has no attribute 'analyze_bar'
2026-03-10 16:20:31,810 | DEBUG    | cryptobot.websocket | Received message: {"stream":"btcusdt@trade","data":{"e":"trade","E":1773139824783,"s":"BTCUSDT","t":6087593584,"p":"70696.33000000","q":"0.00008000","T":1773139824781,"m":false,"M":true}}...
2026-03-10 16:20:31,810 | DEBUG    | cryptobot.websocket | Combined stream: btcusdt@trade
2026-03-10 16:20:31,810 | INFO     | cryptobot.main | Running strategy analysis for BTCUSDT
2026-03-10 16:20:31,810 | INFO     | cryptobot.main | [BTCUSDT] Price: 70692.65, CVD: -16.25745000000543, Delta: 0.9882399999999986, Volume: 31831.01368
2026-03-10 16:20:31,810 | ERROR    | cryptobot.websocket | Error dispatching event: 'AbsorptionDetector' object has no attribute 'analyze_bar'
2026-03-10 16:20:31,810 | DEBUG    | cryptobot.websocket | Received message: {"stream":"btcusdt@trade","data":{"e":"trade","E":1773139824783,"s":"BTCUSDT","t":6087593585,"p":"70696.33000000","q":"0.00008000","T":1773139824781,"m":false,"M":true}}...
2026-03-10 16:20:31,810 | DEBUG    | cryptobot.websocket | Combined stream: btcusdt@trade
2026-03-10 16:20:31,810 | INFO     | cryptobot.main | Running strategy analysis for BTCUSDT
2026-03-10 16:20:31,810 | INFO     | cryptobot.main | [BTCUSDT] Price: 70692.65, CVD: -16.25737000000543, Delta: 0.9883199999999986, Volume: 31831.01368
2026-03-10 16:20:31,810 | ERROR    | cryptobot.websocket | Error dispatching event: 'AbsorptionDetector' object has no attribute 'analyze_bar'
2026-03-10 16:20:31,810 | DEBUG    | cryptobot.websocket | Received message: {"stream":"btcusdt@trade","data":{"e":"trade","E":1773139824783,"s":"BTCUSDT","t":6087593586,"p":"70696.33000000","q":"0.00008000","T":1773139824781,"m":false,"M":true}}...
2026-03-10 16:20:31,810 | DEBUG    | cryptobot.websocket | Combined stream: btcusdt@trade
2026-03-10 16:20:31,810 | INFO     | cryptobot.main | Running strategy analysis for BTCUSDT
2026-03-10 16:20:31,810 | INFO     | cryptobot.main | [BTCUSDT] Price: 70692.65, CVD: -16.25729000000543, Delta: 0.9883999999999987, Volume: 31831.01368
2026-03-10 16:20:31,810 | ERROR    | cryptobot.websocket | Error dispatching event: 'AbsorptionDetector' object has no attribute 'analyze_bar'
2026-03-10 16:20:31,810 | DEBUG    | cryptobot.websocket | Received message: {"stream":"btcusdt@trade","data":{"e":"trade","E":1773139824783,"s":"BTCUSDT","t":6087593587,"p":"70696.33000000","q":"0.00008000","T":1773139824781,"m":false,"M":true}}...
2026-03-10 16:20:31,810 | DEBUG    | cryptobot.websocket | Combined stream: btcusdt@trade
2026-03-10 16:20:31,810 | INFO     | cryptobot.main | Running strategy analysis for BTCUSDT
2026-03-10 16:20:31,810 | INFO     | cryptobot.main | [BTCUSDT] Price: 70692.65, CVD: -16.25721000000543, Delta: 0.9884799999999988, Volume: 31831.01368
2026-03-10 16:20:31,810 | ERROR    | cryptobot.websocket | Error dispatching event: 'AbsorptionDetector' object has no attribute 'analyze_bar'
2026-03-10 16:20:31,810 | DEBUG    | cryptobot.websocket | Received message: {"stream":"btcusdt@trade","data":{"e":"trade","E":1773139824783,"s":"BTCUSDT","t":6087593588,"p":"70696.52000000","q":"0.00008000","T":1773139824781,"m":false,"M":true}}...
2026-03-10 16:20:31,810 | DEBUG    | cryptobot.websocket | Combined stream: btcusdt@trade
2026-03-10 16:20:31,810 | INFO     | cryptobot.main | Running strategy analysis for BTCUSDT
2026-03-10 16:20:31,810 | INFO     | cryptobot.main | [BTCUSDT] Price: 70692.65, CVD: -16.25713000000543, Delta: 0.9885599999999989, Volume: 31831.01368
2026-03-10 16:20:31,810 | ERROR    | cryptobot.websocket | Error dispatching event: 'AbsorptionDetector' object has no attribute 'analyze_bar'
2026-03-10 16:20:31,810 | DEBUG    | cryptobot.websocket | Received message: {"stream":"btcusdt@trade","data":{"e":"trade","E":1773139824783,"s":"BTCUSDT","t":6087593589,"p":"70696.52000000","q":"0.00008000","T":1773139824781,"m":false,"M":true}}...
2026-03-10 16:20:31,810 | DEBUG    | cryptobot.websocket | Combined stream: btcusdt@trade
2026-03-10 16:20:31,810 | INFO     | cryptobot.main | Running strategy analysis for BTCUSDT
2026-03-10 16:20:31,810 | INFO     | cryptobot.main | [BTCUSDT] Price: 70692.65, CVD: -16.257050000005428, Delta: 0.988639999999999, Volume: 31831.01368
2026-03-10 16:20:31,810 | ERROR    | cryptobot.websocket | Error dispatching event: 'AbsorptionDetector' object has no attribute 'analyze_bar'
2026-03-10 16:20:31,810 | DEBUG    | cryptobot.websocket | Received message: {"stream":"btcusdt@trade","data":{"e":"trade","E":1773139824783,"s":"BTCUSDT","t":6087593590,"p":"70696.52000000","q":"0.00008000","T":1773139824781,"m":false,"M":true}}...
2026-03-10 16:20:31,810 | DEBUG    | cryptobot.websocket | Combined stream: btcusdt@trade
2026-03-10 16:20:31,810 | INFO     | cryptobot.main | Running strategy analysis for BTCUSDT
2026-03-10 16:20:31,810 | INFO     | cryptobot.main | [BTCUSDT] Price: 70692.65, CVD: -16.256970000005428, Delta: 0.988719999999999, Volume: 31831.01368
2026-03-10 16:20:31,810 | ERROR    | cryptobot.websocket | Error dispatching event: 'AbsorptionDetector' object has no attribute 'analyze_bar'
2026-03-10 16:20:31,810 | DEBUG    | cryptobot.websocket | Received message: {"stream":"btcusdt@trade","data":{"e":"trade","E":1773139824783,"s":"BTCUSDT","t":6087593591,"p":"70696.53000000","q":"0.00566000","T":1773139824781,"m":false,"M":true}}...
2026-03-10 16:20:31,810 | DEBUG    | cryptobot.websocket | Combined stream: btcusdt@trade
2026-03-10 16:20:31,810 | INFO     | cryptobot.main | Running strategy analysis for BTCUSDT
2026-03-10 16:20:31,810 | INFO     | cryptobot.main | [BTCUSDT] Price: 70692.65, CVD: -16.25131000000543, Delta: 0.994379999999999, Volume: 31831.01368
2026-03-10 16:20:31,810 | ERROR    | cryptobot.websocket | Error dispatching event: 'AbsorptionDetector' object has no attribute 'analyze_bar'
2026-03-10 16:20:31,810 | DEBUG    | cryptobot.websocket | Received message: {"stream":"btcusdt@trade","data":{"e":"trade","E":1773139824783,"s":"BTCUSDT","t":6087593592,"p":"70696.53000000","q":"0.12220000","T":1773139824781,"m":false,"M":true}}...
2026-03-10 16:20:31,810 | DEBUG    | cryptobot.websocket | Combined stream: btcusdt@trade
2026-03-10 16:20:31,810 | INFO     | cryptobot.main | Running strategy analysis for BTCUSDT
2026-03-10 16:20:31,810 | INFO     | cryptobot.main | [BTCUSDT] Price: 70692.65, CVD: -16.12911000000543, Delta: 1.116579999999999, Volume: 31831.01368
2026-03-10 16:20:31,810 | ERROR    | cryptobot.websocket | Error dispatching event: 'AbsorptionDetector' object has no attribute 'analyze_bar'
2026-03-10 16:20:31,810 | DEBUG    | cryptobot.websocket | Received message: {"stream":"btcusdt@trade","data":{"e":"trade","E":1773139824783,"s":"BTCUSDT","t":6087593593,"p":"70696.53000000","q":"0.00008000","T":1773139824781,"m":false,"M":true}}...
2026-03-10 16:20:31,810 | DEBUG    | cryptobot.websocket | Combined stream: btcusdt@trade
2026-03-10 16:20:31,810 | INFO     | cryptobot.main | Running strategy analysis for BTCUSDT
2026-03-10 16:20:31,810 | INFO     | cryptobot.main | [BTCUSDT] Price: 70692.65, CVD: -16.12903000000543, Delta: 1.116659999999999, Volume: 31831.01368
2026-03-10 16:20:31,810 | ERROR    | cryptobot.websocket | Error dispatching event: 'AbsorptionDetector' object has no attribute 'analyze_bar'
2026-03-10 16:20:31,810 | DEBUG    | cryptobot.websocket | Received message: {"stream":"btcusdt@trade","data":{"e":"trade","E":1773139824783,"s":"BTCUSDT","t":6087593594,"p":"70696.53000000","q":"0.00008000","T":1773139824781,"m":false,"M":true}}...
2026-03-10 16:20:31,810 | DEBUG    | cryptobot.websocket | Combined stream: btcusdt@trade
2026-03-10 16:20:31,810 | INFO     | cryptobot.main | Running strategy analysis for BTCUSDT
2026-03-10 16:20:31,810 | INFO     | cryptobot.main | [BTCUSDT] Price: 70692.65, CVD: -16.128950000005428, Delta: 1.1167399999999992, Volume: 31831.01368
2026-03-10 16:20:31,810 | ERROR    | cryptobot.websocket | Error dispatching event: 'AbsorptionDetector' object has no attribute 'analyze_bar'
2026-03-10 16:20:31,810 | DEBUG    | cryptobot.websocket | Received message: {"stream":"btcusdt@trade","data":{"e":"trade","E":1773139824783,"s":"BTCUSDT","t":6087593595,"p":"70696.58000000","q":"0.00013000","T":1773139824781,"m":false,"M":true}}...
2026-03-10 16:20:31,810 | DEBUG    | cryptobot.websocket | Combined stream: btcusdt@trade
2026-03-10 16:20:31,810 | INFO     | cryptobot.main | Running strategy analysis for BTCUSDT
2026-03-10 16:20:31,810 | INFO     | cryptobot.main | [BTCUSDT] Price: 70692.65, CVD: -16.12882000000543, Delta: 1.1168699999999991, Volume: 31831.01368
2026-03-10 16:20:31,810 | ERROR    | cryptobot.websocket | Error dispatching event: 'AbsorptionDetector' object has no attribute 'analyze_bar'
2026-03-10 16:20:31,810 | DEBUG    | cryptobot.websocket | Received message: {"stream":"btcusdt@trade","data":{"e":"trade","E":1773139824783,"s":"BTCUSDT","t":6087593596,"p":"70697.76000000","q":"0.00008000","T":1773139824781,"m":false,"M":true}}...
2026-03-10 16:20:31,810 | DEBUG    | cryptobot.websocket | Combined stream: btcusdt@trade
2026-03-10 16:20:31,810 | INFO     | cryptobot.main | Running strategy analysis for BTCUSDT
2026-03-10 16:20:31,810 | INFO     | cryptobot.main | [BTCUSDT] Price: 70692.65, CVD: -16.12874000000543, Delta: 1.1169499999999992, Volume: 31831.01368
2026-03-10 16:20:31,810 | ERROR    | cryptobot.websocket | Error dispatching event: 'AbsorptionDetector' object has no attribute 'analyze_bar'
2026-03-10 16:20:31,810 | DEBUG    | cryptobot.websocket | Received message: {"stream":"btcusdt@trade","data":{"e":"trade","E":1773139824783,"s":"BTCUSDT","t":6087593597,"p":"70697.87000000","q":"0.00029000","T":1773139824781,"m":false,"M":true}}...
2026-03-10 16:20:31,810 | DEBUG    | cryptobot.websocket | Combined stream: btcusdt@trade
2026-03-10 16:20:31,810 | INFO     | cryptobot.main | Running strategy analysis for BTCUSDT
2026-03-10 16:20:31,810 | INFO     | cryptobot.main | [BTCUSDT] Price: 70692.65, CVD: -16.12845000000543, Delta: 1.1172399999999993, Volume: 31831.01368
2026-03-10 16:20:31,810 | ERROR    | cryptobot.websocket | Error dispatching event: 'AbsorptionDetector' object has no attribute 'analyze_bar'
2026-03-10 16:20:31,810 | DEBUG    | cryptobot.websocket | Received message: {"stream":"btcusdt@trade","data":{"e":"trade","E":1773139824783,"s":"BTCUSDT","t":6087593598,"p":"70698.04000000","q":"0.00008000","T":1773139824781,"m":false,"M":true}}...
2026-03-10 16:20:31,810 | DEBUG    | cryptobot.websocket | Combined stream: btcusdt@trade
2026-03-10 16:20:31,810 | INFO     | cryptobot.main | Running strategy analysis for BTCUSDT
2026-03-10 16:20:31,810 | INFO     | cryptobot.main | [BTCUSDT] Price: 70692.65, CVD: -16.12837000000543, Delta: 1.1173199999999994, Volume: 31831.01368
2026-03-10 16:20:31,810 | ERROR    | cryptobot.websocket | Error dispatching event: 'AbsorptionDetector' object has no attribute 'analyze_bar'
2026-03-10 16:20:31,810 | DEBUG    | cryptobot.websocket | Received message: {"stream":"btcusdt@trade","data":{"e":"trade","E":1773139824783,"s":"BTCUSDT","t":6087593599,"p":"70698.04000000","q":"0.00159000","T":1773139824781,"m":false,"M":true}}...
2026-03-10 16:20:31,810 | DEBUG    | cryptobot.websocket | Combined stream: btcusdt@trade
2026-03-10 16:20:31,810 | INFO     | cryptobot.main | Running strategy analysis for BTCUSDT
2026-03-10 16:20:31,810 | INFO     | cryptobot.main | [BTCUSDT] Price: 70692.65, CVD: -16.12678000000543, Delta: 1.1189099999999992, Volume: 31831.01368
2026-03-10 16:20:31,810 | ERROR    | cryptobot.websocket | Error dispatching event: 'AbsorptionDetector' object has no attribute 'analyze_bar'
2026-03-10 16:20:31,810 | DEBUG    | cryptobot.websocket | Received message: {"stream":"btcusdt@trade","data":{"e":"trade","E":1773139824783,"s":"BTCUSDT","t":6087593600,"p":"70698.52000000","q":"0.00011000","T":1773139824781,"m":false,"M":true}}...
2026-03-10 16:20:31,810 | DEBUG    | cryptobot.websocket | Combined stream: btcusdt@trade
2026-03-10 16:20:31,810 | INFO     | cryptobot.main | Running strategy analysis for BTCUSDT
2026-03-10 16:20:31,810 | INFO     | cryptobot.main | [BTCUSDT] Price: 70692.65, CVD: -16.12667000000543, Delta: 1.1190199999999995, Volume: 31831.01368
2026-03-10 16:20:31,823 | ERROR    | cryptobot.websocket | Error dispatching event: 'AbsorptionDetector' object has no attribute 'analyze_bar'
2026-03-10 16:20:31,823 | DEBUG    | cryptobot.websocket | Received message: {"stream":"btcusdt@trade","data":{"e":"trade","E":1773139824783,"s":"BTCUSDT","t":6087593601,"p":"70698.94000000","q":"0.00015000","T":1773139824781,"m":false,"M":true}}...
2026-03-10 16:20:31,823 | DEBUG    | cryptobot.websocket | Combined stream: btcusdt@trade
2026-03-10 16:20:31,824 | INFO     | cryptobot.main | Running strategy analysis for BTCUSDT
2026-03-10 16:20:31,824 | INFO     | cryptobot.main | [BTCUSDT] Price: 70692.65, CVD: -16.126520000005428, Delta: 1.1191699999999996, Volume: 31831.01368
2026-03-10 16:20:31,824 | ERROR    | cryptobot.websocket | Error dispatching event: 'AbsorptionDetector' object has no attribute 'analyze_bar'
2026-03-10 16:20:31,824 | DEBUG    | cryptobot.websocket | Received message: {"stream":"btcusdt@trade","data":{"e":"trade","E":1773139824783,"s":"BTCUSDT","t":6087593602,"p":"70698.96000000","q":"0.00008000","T":1773139824781,"m":false,"M":true}}...
2026-03-10 16:20:31,825 | DEBUG    | cryptobot.websocket | Combined stream: btcusdt@trade
2026-03-10 16:20:31,825 | INFO     | cryptobot.main | Running strategy analysis for BTCUSDT
2026-03-10 16:20:31,825 | INFO     | cryptobot.main | [BTCUSDT] Price: 70692.65, CVD: -16.126440000005427, Delta: 1.1192499999999996, Volume: 31831.01368
2026-03-10 16:20:31,825 | ERROR    | cryptobot.websocket | Error dispatching event: 'AbsorptionDetector' object has no attribute 'analyze_bar'
2026-03-10 16:20:31,825 | DEBUG    | cryptobot.websocket | Received message: {"stream":"btcusdt@trade","data":{"e":"trade","E":1773139824783,"s":"BTCUSDT","t":6087593603,"p":"70699.11000000","q":"0.00200000","T":1773139824781,"m":false,"M":true}}...
2026-03-10 16:20:31,826 | DEBUG    | cryptobot.websocket | Combined stream: btcusdt@trade
2026-03-10 16:20:31,826 | INFO     | cryptobot.main | Running strategy analysis for BTCUSDT
2026-03-10 16:20:31,826 | INFO     | cryptobot.main | [BTCUSDT] Price: 70692.65, CVD: -16.12444000000543, Delta: 1.1212499999999994, Volume: 31831.01368
2026-03-10 16:20:31,826 | ERROR    | cryptobot.websocket | Error dispatching event: 'AbsorptionDetector' object has no attribute 'analyze_bar'
2026-03-10 16:20:31,826 | DEBUG    | cryptobot.websocket | Received message: {"stream":"btcusdt@trade","data":{"e":"trade","E":1773139824783,"s":"BTCUSDT","t":6087593604,"p":"70699.20000000","q":"0.00008000","T":1773139824781,"m":false,"M":true}}...
2026-03-10 16:20:31,826 | DEBUG    | cryptobot.websocket | Combined stream: btcusdt@trade
2026-03-10 16:20:31,826 | INFO     | cryptobot.main | Running strategy analysis for BTCUSDT
2026-03-10 16:20:31,826 | INFO     | cryptobot.main | [BTCUSDT] Price: 70692.65, CVD: -16.124360000005428, Delta: 1.1213299999999995, Volume: 31831.01368
2026-03-10 16:20:31,826 | ERROR    | cryptobot.websocket | Error dispatching event: 'AbsorptionDetector' object has no attribute 'analyze_bar'
2026-03-10 16:20:31,826 | DEBUG    | cryptobot.websocket | Received message: {"stream":"btcusdt@trade","data":{"e":"trade","E":1773139824783,"s":"BTCUSDT","t":6087593605,"p":"70699.32000000","q":"0.00008000","T":1773139824781,"m":false,"M":true}}...
2026-03-10 16:20:31,826 | DEBUG    | cryptobot.websocket | Combined stream: btcusdt@trade
2026-03-10 16:20:31,826 | INFO     | cryptobot.main | Running strategy analysis for BTCUSDT
2026-03-10 16:20:31,826 | INFO     | cryptobot.main | [BTCUSDT] Price: 70692.65, CVD: -16.124280000005427, Delta: 1.1214099999999996, Volume: 31831.01368
2026-03-10 16:20:31,826 | ERROR    | cryptobot.websocket | Error dispatching event: 'AbsorptionDetector' object has no attribute 'analyze_bar'
2026-03-10 16:20:31,826 | DEBUG    | cryptobot.websocket | Received message: {"stream":"btcusdt@trade","data":{"e":"trade","E":1773139824783,"s":"BTCUSDT","t":6087593606,"p":"70699.47000000","q":"0.00357000","T":1773139824781,"m":false,"M":true}}...
2026-03-10 16:20:31,826 | DEBUG    | cryptobot.websocket | Combined stream: btcusdt@trade
2026-03-10 16:20:31,826 | INFO     | cryptobot.main | Running strategy analysis for BTCUSDT
2026-03-10 16:20:31,826 | INFO     | cryptobot.main | [BTCUSDT] Price: 70692.65, CVD: -16.120710000005428, Delta: 1.1249799999999999, Volume: 31831.01368
2026-03-10 16:20:31,826 | ERROR    | cryptobot.websocket | Error dispatching event: 'AbsorptionDetector' object has no attribute 'analyze_bar'
2026-03-10 16:20:31,826 | DEBUG    | cryptobot.websocket | Received message: {"stream":"btcusdt@trade","data":{"e":"trade","E":1773139824783,"s":"BTCUSDT","t":6087593607,"p":"70699.70000000","q":"0.00008000","T":1773139824781,"m":false,"M":true}}...
2026-03-10 16:20:31,826 | DEBUG    | cryptobot.websocket | Combined stream: btcusdt@trade
2026-03-10 16:20:31,826 | INFO     | cryptobot.main | Running strategy analysis for BTCUSDT
2026-03-10 16:20:31,826 | INFO     | cryptobot.main | [BTCUSDT] Price: 70692.65, CVD: -16.120630000005427, Delta: 1.12506, Volume: 31831.01368
2026-03-10 16:20:31,826 | ERROR    | cryptobot.websocket | Error dispatching event: 'AbsorptionDetector' object has no attribute 'analyze_bar'
2026-03-10 16:20:31,826 | DEBUG    | cryptobot.websocket | Received message: {"stream":"btcusdt@trade","data":{"e":"trade","E":1773139824783,"s":"BTCUSDT","t":6087593608,"p":"70699.71000000","q":"0.00008000","T":1773139824781,"m":false,"M":true}}...
2026-03-10 16:20:31,826 | DEBUG    | cryptobot.websocket | Combined stream: btcusdt@trade
2026-03-10 16:20:31,826 | INFO     | cryptobot.main | Running strategy analysis for BTCUSDT
2026-03-10 16:20:31,826 | INFO     | cryptobot.main | [BTCUSDT] Price: 70692.65, CVD: -16.120550000005426, Delta: 1.12514, Volume: 31831.01368
2026-03-10 16:20:31,826 | ERROR    | cryptobot.websocket | Error dispatching event: 'AbsorptionDetector' object has no attribute 'analyze_bar'
2026-03-10 16:20:31,826 | DEBUG    | cryptobot.websocket | Received message: {"stream":"btcusdt@trade","data":{"e":"trade","E":1773139824783,"s":"BTCUSDT","t":6087593609,"p":"70699.71000000","q":"0.00008000","T":1773139824781,"m":false,"M":true}}...
2026-03-10 16:20:31,826 | DEBUG    | cryptobot.websocket | Combined stream: btcusdt@trade
2026-03-10 16:20:31,826 | INFO     | cryptobot.main | Running strategy analysis for BTCUSDT
2026-03-10 16:20:31,826 | INFO     | cryptobot.main | [BTCUSDT] Price: 70692.65, CVD: -16.120470000005426, Delta: 1.12522, Volume: 31831.01368
2026-03-10 16:20:31,826 | ERROR    | cryptobot.websocket | Error dispatching event: 'AbsorptionDetector' object has no attribute 'analyze_bar'
2026-03-10 16:20:31,826 | DEBUG    | cryptobot.websocket | Received message: {"stream":"btcusdt@trade","data":{"e":"trade","E":1773139824783,"s":"BTCUSDT","t":6087593610,"p":"70699.71000000","q":"0.04092000","T":1773139824781,"m":false,"M":true}}...
2026-03-10 16:20:31,826 | DEBUG    | cryptobot.websocket | Combined stream: btcusdt@trade
2026-03-10 16:20:31,826 | INFO     | cryptobot.main | Running strategy analysis for BTCUSDT
2026-03-10 16:20:31,826 | INFO     | cryptobot.main | [BTCUSDT] Price: 70692.65, CVD: -16.079550000005426, Delta: 1.16614, Volume: 31831.01368
2026-03-10 16:20:31,826 | ERROR    | cryptobot.websocket | Error dispatching event: 'AbsorptionDetector' object has no attribute 'analyze_bar'
2026-03-10 16:20:31,826 | DEBUG    | cryptobot.websocket | Received message: {"stream":"btcusdt@trade","data":{"e":"trade","E":1773139824783,"s":"BTCUSDT","t":6087593611,"p":"70699.71000000","q":"0.01598000","T":1773139824781,"m":false,"M":true}}...
2026-03-10 16:20:31,826 | DEBUG    | cryptobot.websocket | Combined stream: btcusdt@trade
2026-03-10 16:20:31,826 | INFO     | cryptobot.main | Running strategy analysis for BTCUSDT
2026-03-10 16:20:31,826 | INFO     | cryptobot.main | [BTCUSDT] Price: 70692.65, CVD: -16.063570000005427, Delta: 1.1821200000000003, Volume: 31831.01368
2026-03-10 16:20:31,826 | ERROR    | cryptobot.websocket | Error dispatching event: 'AbsorptionDetector' object has no attribute 'analyze_bar'
2026-03-10 16:20:31,826 | DEBUG    | cryptobot.websocket | Received message: {"stream":"btcusdt@trade","data":{"e":"trade","E":1773139824783,"s":"BTCUSDT","t":6087593612,"p":"70699.71000000","q":"0.00008000","T":1773139824781,"m":false,"M":true}}...
2026-03-10 16:20:31,826 | DEBUG    | cryptobot.websocket | Combined stream: btcusdt@trade
2026-03-10 16:20:31,826 | INFO     | cryptobot.main | Running strategy analysis for BTCUSDT
2026-03-10 16:20:31,826 | INFO     | cryptobot.main | [BTCUSDT] Price: 70692.65, CVD: -16.063490000005427, Delta: 1.1822000000000004, Volume: 31831.01368
2026-03-10 16:20:31,826 | ERROR    | cryptobot.websocket | Error dispatching event: 'AbsorptionDetector' object has no attribute 'analyze_bar'
2026-03-10 16:20:31,826 | DEBUG    | cryptobot.websocket | Received message: {"stream":"btcusdt@trade","data":{"e":"trade","E":1773139824783,"s":"BTCUSDT","t":6087593613,"p":"70699.71000000","q":"0.00008000","T":1773139824781,"m":false,"M":true}}...
2026-03-10 16:20:31,826 | DEBUG    | cryptobot.websocket | Combined stream: btcusdt@trade
2026-03-10 16:20:31,826 | INFO     | cryptobot.main | Running strategy analysis for BTCUSDT
2026-03-10 16:20:31,826 | INFO     | cryptobot.main | [BTCUSDT] Price: 70692.65, CVD: -16.063410000005426, Delta: 1.1822800000000004, Volume: 31831.01368
2026-03-10 16:20:31,826 | ERROR    | cryptobot.websocket | Error dispatching event: 'AbsorptionDetector' object has no attribute 'analyze_bar'
2026-03-10 16:20:31,826 | DEBUG    | cryptobot.websocket | Received message: {"stream":"btcusdt@trade","data":{"e":"trade","E":1773139824783,"s":"BTCUSDT","t":6087593614,"p":"70699.72000000","q":"0.00008000","T":1773139824781,"m":false,"M":true}}...
2026-03-10 16:20:31,836 | DEBUG    | cryptobot.websocket | Combined stream: btcusdt@trade
2026-03-10 16:20:31,836 | INFO     | cryptobot.main | Running strategy analysis for BTCUSDT
2026-03-10 16:20:31,836 | INFO     | cryptobot.main | [BTCUSDT] Price: 70692.65, CVD: -16.063330000005426, Delta: 1.1823600000000005, Volume: 31831.01368
2026-03-10 16:20:31,836 | ERROR    | cryptobot.websocket | Error dispatching event: 'AbsorptionDetector' object has no attribute 'analyze_bar'
2026-03-10 16:20:31,836 | DEBUG    | cryptobot.websocket | Received message: {"stream":"btcusdt@trade","data":{"e":"trade","E":1773139824783,"s":"BTCUSDT","t":6087593615,"p":"70699.72000000","q":"0.15970000","T":1773139824781,"m":false,"M":true}}...
2026-03-10 16:20:31,836 | DEBUG    | cryptobot.websocket | Combined stream: btcusdt@trade
2026-03-10 16:20:31,836 | INFO     | cryptobot.main | Running strategy analysis for BTCUSDT
2026-03-10 16:20:31,836 | INFO     | cryptobot.main | [BTCUSDT] Price: 70692.65, CVD: -15.903630000005425, Delta: 1.3420600000000005, Volume: 31831.01368
2026-03-10 16:20:31,836 | ERROR    | cryptobot.websocket | Error dispatching event: 'AbsorptionDetector' object has no attribute 'analyze_bar'
2026-03-10 16:20:31,836 | DEBUG    | cryptobot.websocket | Received message: {"stream":"btcusdt@trade","data":{"e":"trade","E":1773139824783,"s":"BTCUSDT","t":6087593616,"p":"70699.72000000","q":"0.00008000","T":1773139824781,"m":false,"M":true}}...
2026-03-10 16:20:31,836 | DEBUG    | cryptobot.websocket | Combined stream: btcusdt@trade
2026-03-10 16:20:31,836 | INFO     | cryptobot.main | Running strategy analysis for BTCUSDT
2026-03-10 16:20:31,838 | INFO     | cryptobot.main | [BTCUSDT] Price: 70692.65, CVD: -15.903550000005424, Delta: 1.3421400000000006, Volume: 31831.01368
2026-03-10 16:20:31,838 | ERROR    | cryptobot.websocket | Error dispatching event: 'AbsorptionDetector' object has no attribute 'analyze_bar'
2026-03-10 16:20:31,838 | DEBUG    | cryptobot.websocket | Received message: {"stream":"btcusdt@trade","data":{"e":"trade","E":1773139824783,"s":"BTCUSDT","t":6087593617,"p":"70699.72000000","q":"0.00008000","T":1773139824781,"m":false,"M":true}}...
2026-03-10 16:20:31,838 | DEBUG    | cryptobot.websocket | Combined stream: btcusdt@trade
2026-03-10 16:20:31,838 | INFO     | cryptobot.main | Running strategy analysis for BTCUSDT
2026-03-10 16:20:31,838 | INFO     | cryptobot.main | [BTCUSDT] Price: 70692.65, CVD: -15.903470000005424, Delta: 1.3422200000000006, Volume: 31831.01368
2026-03-10 16:20:31,838 | ERROR    | cryptobot.websocket | Error dispatching event: 'AbsorptionDetector' object has no attribute 'analyze_bar'
2026-03-10 16:20:31,838 | DEBUG    | cryptobot.websocket | Received message: {"stream":"btcusdt@trade","data":{"e":"trade","E":1773139824783,"s":"BTCUSDT","t":6087593618,"p":"70699.72000000","q":"0.00008000","T":1773139824781,"m":false,"M":true}}...
2026-03-10 16:20:31,838 | DEBUG    | cryptobot.websocket | Combined stream: btcusdt@trade
2026-03-10 16:20:31,838 | INFO     | cryptobot.main | Running strategy analysis for BTCUSDT
2026-03-10 16:20:31,838 | INFO     | cryptobot.main | [BTCUSDT] Price: 70692.65, CVD: -15.903390000005423, Delta: 1.3423000000000007, Volume: 31831.01368
2026-03-10 16:20:31,838 | ERROR    | cryptobot.websocket | Error dispatching event: 'AbsorptionDetector' object has no attribute 'analyze_bar'
2026-03-10 16:20:31,838 | DEBUG    | cryptobot.websocket | Received message: {"stream":"btcusdt@trade","data":{"e":"trade","E":1773139824783,"s":"BTCUSDT","t":6087593619,"p":"70700.21000000","q":"0.00010000","T":1773139824781,"m":false,"M":true}}...
2026-03-10 16:20:31,838 | DEBUG    | cryptobot.websocket | Combined stream: btcusdt@trade
2026-03-10 16:20:31,840 | INFO     | cryptobot.main | Running strategy analysis for BTCUSDT
2026-03-10 16:20:31,840 | INFO     | cryptobot.main | [BTCUSDT] Price: 70692.65, CVD: -15.903290000005423, Delta: 1.3424000000000005, Volume: 31831.01368
2026-03-10 16:20:31,840 | ERROR    | cryptobot.websocket | Error dispatching event: 'AbsorptionDetector' object has no attribute 'analyze_bar'
2026-03-10 16:20:31,840 | DEBUG    | cryptobot.websocket | Received message: {"stream":"btcusdt@trade","data":{"e":"trade","E":1773139824783,"s":"BTCUSDT","t":6087593620,"p":"70700.45000000","q":"0.02841000","T":1773139824781,"m":false,"M":true}}...
2026-03-10 16:20:31,840 | DEBUG    | cryptobot.websocket | Combined stream: btcusdt@trade
2026-03-10 16:20:31,840 | INFO     | cryptobot.main | Running strategy analysis for BTCUSDT
2026-03-10 16:20:31,841 | INFO     | cryptobot.main | [BTCUSDT] Price: 70692.65, CVD: -15.874880000005424, Delta: 1.3708100000000005, Volume: 31831.01368
2026-03-10 16:20:31,841 | ERROR    | cryptobot.websocket | Error dispatching event: 'AbsorptionDetector' object has no attribute 'analyze_bar'
2026-03-10 16:20:31,841 | DEBUG    | cryptobot.websocket | Received message: {"stream":"btcusdt@trade","data":{"e":"trade","E":1773139824783,"s":"BTCUSDT","t":6087593621,"p":"70700.45000000","q":"0.00008000","T":1773139824781,"m":false,"M":true}}...
2026-03-10 16:20:31,841 | DEBUG    | cryptobot.websocket | Combined stream: btcusdt@trade
2026-03-10 16:20:31,842 | INFO     | cryptobot.main | Running strategy analysis for BTCUSDT
2026-03-10 16:20:31,842 | INFO     | cryptobot.main | [BTCUSDT] Price: 70692.65, CVD: -15.874800000005424, Delta: 1.3708900000000006, Volume: 31831.01368
2026-03-10 16:20:31,842 | ERROR    | cryptobot.websocket | Error dispatching event: 'AbsorptionDetector' object has no attribute 'analyze_bar'
2026-03-10 16:20:31,842 | DEBUG    | cryptobot.websocket | Received message: {"stream":"btcusdt@trade","data":{"e":"trade","E":1773139824783,"s":"BTCUSDT","t":6087593622,"p":"70700.45000000","q":"0.00008000","T":1773139824781,"m":false,"M":true}}...
2026-03-10 16:20:31,842 | DEBUG    | cryptobot.websocket | Combined stream: btcusdt@trade
2026-03-10 16:20:31,843 | INFO     | cryptobot.main | Running strategy analysis for BTCUSDT
2026-03-10 16:20:31,843 | INFO     | cryptobot.main | [BTCUSDT] Price: 70692.65, CVD: -15.874720000005423, Delta: 1.3709700000000007, Volume: 31831.01368
2026-03-10 16:20:31,843 | ERROR    | cryptobot.websocket | Error dispatching event: 'AbsorptionDetector' object has no attribute 'analyze_bar'
2026-03-10 16:20:31,843 | DEBUG    | cryptobot.websocket | Received message: {"stream":"btcusdt@trade","data":{"e":"trade","E":1773139824783,"s":"BTCUSDT","t":6087593623,"p":"70700.88000000","q":"0.00200000","T":1773139824781,"m":false,"M":true}}...
2026-03-10 16:20:31,843 | DEBUG    | cryptobot.websocket | Combined stream: btcusdt@trade
2026-03-10 16:20:31,843 | INFO     | cryptobot.main | Running strategy analysis for BTCUSDT
2026-03-10 16:20:31,843 | INFO     | cryptobot.main | [BTCUSDT] Price: 70692.65, CVD: -15.872720000005422, Delta: 1.372970000000001, Volume: 31831.01368
2026-03-10 16:20:31,843 | ERROR    | cryptobot.websocket | Error dispatching event: 'AbsorptionDetector' object has no attribute 'analyze_bar'
2026-03-10 16:20:31,843 | DEBUG    | cryptobot.websocket | Received message: {"stream":"btcusdt@trade","data":{"e":"trade","E":1773139824783,"s":"BTCUSDT","t":6087593624,"p":"70701.12000000","q":"0.00008000","T":1773139824781,"m":false,"M":true}}...
2026-03-10 16:20:31,843 | DEBUG    | cryptobot.websocket | Combined stream: btcusdt@trade
2026-03-10 16:20:31,843 | INFO     | cryptobot.main | Running strategy analysis for BTCUSDT
2026-03-10 16:20:31,843 | INFO     | cryptobot.main | [BTCUSDT] Price: 70692.65, CVD: -15.872640000005422, Delta: 1.373050000000001, Volume: 31831.01368
2026-03-10 16:20:31,843 | ERROR    | cryptobot.websocket | Error dispatching event: 'AbsorptionDetector' object has no attribute 'analyze_bar'
2026-03-10 16:20:31,843 | DEBUG    | cryptobot.websocket | Received message: {"stream":"btcusdt@trade","data":{"e":"trade","E":1773139824783,"s":"BTCUSDT","t":6087593625,"p":"70701.26000000","q":"0.00300000","T":1773139824781,"m":false,"M":true}}...
2026-03-10 16:20:31,843 | DEBUG    | cryptobot.websocket | Combined stream: btcusdt@trade
2026-03-10 16:20:31,843 | INFO     | cryptobot.main | Running strategy analysis for BTCUSDT
2026-03-10 16:20:31,843 | INFO     | cryptobot.main | [BTCUSDT] Price: 70692.65, CVD: -15.869640000005422, Delta: 1.3760500000000007, Volume: 31831.01368
2026-03-10 16:20:31,843 | ERROR    | cryptobot.websocket | Error dispatching event: 'AbsorptionDetector' object has no attribute 'analyze_bar'
2026-03-10 16:20:31,843 | DEBUG    | cryptobot.websocket | Received message: {"stream":"btcusdt@trade","data":{"e":"trade","E":1773139824783,"s":"BTCUSDT","t":6087593626,"p":"70701.53000000","q":"0.00475000","T":1773139824781,"m":false,"M":true}}...
2026-03-10 16:20:31,843 | DEBUG    | cryptobot.websocket | Combined stream: btcusdt@trade
2026-03-10 16:20:31,843 | INFO     | cryptobot.main | Running strategy analysis for BTCUSDT
2026-03-10 16:20:31,843 | INFO     | cryptobot.main | [BTCUSDT] Price: 70692.65, CVD: -15.864890000005422, Delta: 1.3808000000000007, Volume: 31831.01368
2026-03-10 16:20:31,843 | ERROR    | cryptobot.websocket | Error dispatching event: 'AbsorptionDetector' object has no attribute 'analyze_bar'
2026-03-10 16:20:31,843 | DEBUG    | cryptobot.websocket | Received message: {"stream":"btcusdt@trade","data":{"e":"trade","E":1773139824783,"s":"BTCUSDT","t":6087593627,"p":"70701.70000000","q":"0.00300000","T":1773139824781,"m":false,"M":true}}...
2026-03-10 16:20:31,843 | DEBUG    | cryptobot.websocket | Combined stream: btcusdt@trade
2026-03-10 16:20:31,843 | INFO     | cryptobot.main | Running strategy analysis for BTCUSDT
2026-03-10 16:20:31,843 | INFO     | cryptobot.main | [BTCUSDT] Price: 70692.65, CVD: -15.861890000005422, Delta: 1.3838000000000008, Volume: 31831.01368
2026-03-10 16:20:31,843 | ERROR    | cryptobot.websocket | Error dispatching event: 'AbsorptionDetector' object has no attribute 'analyze_bar'
2026-03-10 16:20:31,843 | DEBUG    | cryptobot.websocket | Received message: {"stream":"btcusdt@trade","data":{"e":"trade","E":1773139824783,"s":"BTCUSDT","t":6087593628,"p":"70701.96000000","q":"0.00238000","T":1773139824781,"m":false,"M":true}}...
2026-03-10 16:20:31,843 | DEBUG    | cryptobot.websocket | Combined stream: btcusdt@trade
2026-03-10 16:20:31,843 | INFO     | cryptobot.main | Running strategy analysis for BTCUSDT
2026-03-10 16:20:31,843 | INFO     | cryptobot.main | [BTCUSDT] Price: 70692.65, CVD: -15.859510000005422, Delta: 1.3861800000000009, Volume: 31831.01368
2026-03-10 16:20:31,843 | ERROR    | cryptobot.websocket | Error dispatching event: 'AbsorptionDetector' object has no attribute 'analyze_bar'
2026-03-10 16:20:31,843 | DEBUG    | cryptobot.websocket | Received message: {"stream":"btcusdt@trade","data":{"e":"trade","E":1773139824783,"s":"BTCUSDT","t":6087593629,"p":"70702.00000000","q":"0.00008000","T":1773139824781,"m":false,"M":true}}...
2026-03-10 16:20:31,843 | DEBUG    | cryptobot.websocket | Combined stream: btcusdt@trade
2026-03-10 16:20:31,843 | INFO     | cryptobot.main | Running strategy analysis for BTCUSDT
2026-03-10 16:20:31,843 | INFO     | cryptobot.main | [BTCUSDT] Price: 70692.65, CVD: -15.859430000005421, Delta: 1.386260000000001, Volume: 31831.01368
2026-03-10 16:20:31,843 | ERROR    | cryptobot.websocket | Error dispatching event: 'AbsorptionDetector' object has no attribute 'analyze_bar'
2026-03-10 16:20:31,843 | DEBUG    | cryptobot.websocket | Received message: {"stream":"btcusdt@trade","data":{"e":"trade","E":1773139824783,"s":"BTCUSDT","t":6087593630,"p":"70702.19000000","q":"0.00016000","T":1773139824781,"m":false,"M":true}}...
2026-03-10 16:20:31,843 | DEBUG    | cryptobot.websocket | Combined stream: btcusdt@trade
2026-03-10 16:20:31,843 | INFO     | cryptobot.main | Running strategy analysis for BTCUSDT
2026-03-10 16:20:31,843 | INFO     | cryptobot.main | [BTCUSDT] Price: 70692.65, CVD: -15.859270000005422, Delta: 1.3864200000000007, Volume: 31831.01368
2026-03-10 16:20:31,843 | ERROR    | cryptobot.websocket | Error dispatching event: 'AbsorptionDetector' object has no attribute 'analyze_bar'
2026-03-10 16:20:31,843 | DEBUG    | cryptobot.websocket | Received message: {"stream":"btcusdt@trade","data":{"e":"trade","E":1773139824783,"s":"BTCUSDT","t":6087593631,"p":"70702.65000000","q":"0.00200000","T":1773139824781,"m":false,"M":true}}...
2026-03-10 16:20:31,843 | DEBUG    | cryptobot.websocket | Combined stream: btcusdt@trade
2026-03-10 16:20:31,843 | INFO     | cryptobot.main | Running strategy analysis for BTCUSDT
2026-03-10 16:20:31,843 | INFO     | cryptobot.main | [BTCUSDT] Price: 70692.65, CVD: -15.857270000005421, Delta: 1.3884200000000009, Volume: 31831.01368
2026-03-10 16:20:31,843 | ERROR    | cryptobot.websocket | Error dispatching event: 'AbsorptionDetector' object has no attribute 'analyze_bar'
2026-03-10 16:20:31,843 | DEBUG    | cryptobot.websocket | Received message: {"stream":"btcusdt@trade","data":{"e":"trade","E":1773139824783,"s":"BTCUSDT","t":6087593632,"p":"70703.25000000","q":"0.00141000","T":1773139824781,"m":false,"M":true}}...
2026-03-10 16:20:31,843 | DEBUG    | cryptobot.websocket | Combined stream: btcusdt@trade
2026-03-10 16:20:31,843 | INFO     | cryptobot.main | Running strategy analysis for BTCUSDT
2026-03-10 16:20:31,843 | INFO     | cryptobot.main | [BTCUSDT] Price: 70692.65, CVD: -15.855860000005421, Delta: 1.3898300000000008, Volume: 31831.01368
2026-03-10 16:20:31,843 | ERROR    | cryptobot.websocket | Error dispatching event: 'AbsorptionDetector' object has no attribute 'analyze_bar'
2026-03-10 16:20:31,843 | DEBUG    | cryptobot.websocket | Received message: {"stream":"btcusdt@trade","data":{"e":"trade","E":1773139824783,"s":"BTCUSDT","t":6087593633,"p":"70703.62000000","q":"0.00008000","T":1773139824781,"m":false,"M":true}}...
2026-03-10 16:20:31,843 | DEBUG    | cryptobot.websocket | Combined stream: btcusdt@trade
2026-03-10 16:20:31,843 | INFO     | cryptobot.main | Running strategy analysis for BTCUSDT
2026-03-10 16:20:31,843 | INFO     | cryptobot.main | [BTCUSDT] Price: 70692.65, CVD: -15.85578000000542, Delta: 1.3899100000000009, Volume: 31831.01368
2026-03-10 16:20:31,843 | ERROR    | cryptobot.websocket | Error dispatching event: 'AbsorptionDetector' object has no attribute 'analyze_bar'
2026-03-10 16:20:31,843 | DEBUG    | cryptobot.websocket | Received message: {"stream":"btcusdt@trade","data":{"e":"trade","E":1773139824783,"s":"BTCUSDT","t":6087593634,"p":"70703.90000000","q":"0.01057000","T":1773139824781,"m":false,"M":true}}...
2026-03-10 16:20:31,843 | DEBUG    | cryptobot.websocket | Combined stream: btcusdt@trade
2026-03-10 16:20:31,843 | INFO     | cryptobot.main | Running strategy analysis for BTCUSDT
2026-03-10 16:20:31,843 | INFO     | cryptobot.main | [BTCUSDT] Price: 70692.65, CVD: -15.845210000005421, Delta: 1.4004800000000008, Volume: 31831.01368
2026-03-10 16:20:31,843 | ERROR    | cryptobot.websocket | Error dispatching event: 'AbsorptionDetector' object has no attribute 'analyze_bar'
2026-03-10 16:20:31,843 | DEBUG    | cryptobot.websocket | Received message: {"stream":"btcusdt@trade","data":{"e":"trade","E":1773139824783,"s":"BTCUSDT","t":6087593635,"p":"70703.90000000","q":"0.01047000","T":1773139824781,"m":false,"M":true}}...
2026-03-10 16:20:31,843 | DEBUG    | cryptobot.websocket | Combined stream: btcusdt@trade
2026-03-10 16:20:31,843 | INFO     | cryptobot.main | Running strategy analysis for BTCUSDT
2026-03-10 16:20:31,843 | INFO     | cryptobot.main | [BTCUSDT] Price: 70692.65, CVD: -15.834740000005421, Delta: 1.4109500000000006, Volume: 31831.01368
2026-03-10 16:20:31,843 | ERROR    | cryptobot.websocket | Error dispatching event: 'AbsorptionDetector' object has no attribute 'analyze_bar'
2026-03-10 16:20:31,843 | DEBUG    | cryptobot.websocket | Received message: {"stream":"btcusdt@trade","data":{"e":"trade","E":1773139824783,"s":"BTCUSDT","t":6087593636,"p":"70703.90000000","q":"0.00008000","T":1773139824781,"m":false,"M":true}}...
2026-03-10 16:20:31,843 | DEBUG    | cryptobot.websocket | Combined stream: btcusdt@trade
2026-03-10 16:20:31,843 | INFO     | cryptobot.main | Running strategy analysis for BTCUSDT
2026-03-10 16:20:31,843 | INFO     | cryptobot.main | [BTCUSDT] Price: 70692.65, CVD: -15.834660000005421, Delta: 1.4110300000000007, Volume: 31831.01368
2026-03-10 16:20:31,843 | ERROR    | cryptobot.websocket | Error dispatching event: 'AbsorptionDetector' object has no attribute 'analyze_bar'
2026-03-10 16:20:31,843 | DEBUG    | cryptobot.websocket | Received message: {"stream":"btcusdt@trade","data":{"e":"trade","E":1773139824783,"s":"BTCUSDT","t":6087593637,"p":"70703.90000000","q":"0.00008000","T":1773139824781,"m":false,"M":true}}...
2026-03-10 16:20:31,843 | DEBUG    | cryptobot.websocket | Combined stream: btcusdt@trade
2026-03-10 16:20:31,843 | INFO     | cryptobot.main | Running strategy analysis for BTCUSDT
2026-03-10 16:20:31,843 | INFO     | cryptobot.main | [BTCUSDT] Price: 70692.65, CVD: -15.83458000000542, Delta: 1.4111100000000008, Volume: 31831.01368
2026-03-10 16:20:31,843 | ERROR    | cryptobot.websocket | Error dispatching event: 'AbsorptionDetector' object has no attribute 'analyze_bar'
2026-03-10 16:20:31,843 | DEBUG    | cryptobot.websocket | Received message: {"stream":"btcusdt@trade","data":{"e":"trade","E":1773139824783,"s":"BTCUSDT","t":6087593638,"p":"70704.42000000","q":"0.00200000","T":1773139824781,"m":false,"M":true}}...
2026-03-10 16:20:31,843 | DEBUG    | cryptobot.websocket | Combined stream: btcusdt@trade
2026-03-10 16:20:31,843 | INFO     | cryptobot.main | Running strategy analysis for BTCUSDT
2026-03-10 16:20:31,843 | INFO     | cryptobot.main | [BTCUSDT] Price: 70692.65, CVD: -15.83258000000542, Delta: 1.413110000000001, Volume: 31831.01368
2026-03-10 16:20:31,843 | ERROR    | cryptobot.websocket | Error dispatching event: 'AbsorptionDetector' object has no attribute 'analyze_bar'
2026-03-10 16:20:31,843 | DEBUG    | cryptobot.websocket | Received message: {"stream":"btcusdt@trade","data":{"e":"trade","E":1773139824783,"s":"BTCUSDT","t":6087593639,"p":"70704.48000000","q":"0.00008000","T":1773139824781,"m":false,"M":true}}...
2026-03-10 16:20:31,843 | DEBUG    | cryptobot.websocket | Combined stream: btcusdt@trade
2026-03-10 16:20:31,843 | INFO     | cryptobot.main | Running strategy analysis for BTCUSDT
2026-03-10 16:20:31,843 | INFO     | cryptobot.main | [BTCUSDT] Price: 70692.65, CVD: -15.83250000000542, Delta: 1.413190000000001, Volume: 31831.01368
2026-03-10 16:20:31,843 | ERROR    | cryptobot.websocket | Error dispatching event: 'AbsorptionDetector' object has no attribute 'analyze_bar'
2026-03-10 16:20:31,843 | DEBUG    | cryptobot.websocket | Received message: {"stream":"btcusdt@trade","data":{"e":"trade","E":1773139824783,"s":"BTCUSDT","t":6087593640,"p":"70704.48000000","q":"0.00008000","T":1773139824781,"m":false,"M":true}}...
2026-03-10 16:20:31,843 | DEBUG    | cryptobot.websocket | Combined stream: btcusdt@trade
2026-03-10 16:20:31,843 | INFO     | cryptobot.main | Running strategy analysis for BTCUSDT
2026-03-10 16:20:31,857 | INFO     | cryptobot.main | [BTCUSDT] Price: 70692.65, CVD: -15.832420000005419, Delta: 1.4132700000000011, Volume: 31831.01368
2026-03-10 16:20:31,857 | ERROR    | cryptobot.websocket | Error dispatching event: 'AbsorptionDetector' object has no attribute 'analyze_bar'
2026-03-10 16:20:31,857 | DEBUG    | cryptobot.websocket | Received message: {"stream":"btcusdt@trade","data":{"e":"trade","E":1773139824783,"s":"BTCUSDT","t":6087593641,"p":"70704.98000000","q":"0.27781000","T":1773139824781,"m":false,"M":true}}...
2026-03-10 16:20:31,857 | DEBUG    | cryptobot.websocket | Combined stream: btcusdt@trade
2026-03-10 16:20:31,857 | INFO     | cryptobot.main | Running strategy analysis for BTCUSDT
2026-03-10 16:20:31,857 | INFO     | cryptobot.main | [BTCUSDT] Price: 70692.65, CVD: -15.554610000005418, Delta: 1.6910800000000012, Volume: 31831.01368
2026-03-10 16:20:31,858 | ERROR    | cryptobot.websocket | Error dispatching event: 'AbsorptionDetector' object has no attribute 'analyze_bar'
2026-03-10 16:20:31,858 | DEBUG    | cryptobot.websocket | Received message: {"stream":"btcusdt@trade","data":{"e":"trade","E":1773139824783,"s":"BTCUSDT","t":6087593642,"p":"70704.99000000","q":"0.80570000","T":1773139824781,"m":false,"M":true}}...
2026-03-10 16:20:31,858 | DEBUG    | cryptobot.websocket | Combined stream: btcusdt@trade
2026-03-10 16:20:31,858 | INFO     | cryptobot.main | Running strategy analysis for BTCUSDT
2026-03-10 16:20:31,858 | INFO     | cryptobot.main | [BTCUSDT] Price: 70692.65, CVD: -14.748910000005418, Delta: 2.496780000000001, Volume: 31831.01368
2026-03-10 16:20:31,859 | ERROR    | cryptobot.websocket | Error dispatching event: 'AbsorptionDetector' object has no attribute 'analyze_bar'
2026-03-10 16:20:31,859 | DEBUG    | cryptobot.websocket | Received message: {"stream":"btcusdt@trade","data":{"e":"trade","E":1773139824783,"s":"BTCUSDT","t":6087593643,"p":"70705.00000000","q":"1.47860000","T":1773139824781,"m":false,"M":true}}...
2026-03-10 16:20:31,859 | DEBUG    | cryptobot.websocket | Combined stream: btcusdt@trade
2026-03-10 16:20:31,859 | INFO     | cryptobot.main | Running strategy analysis for BTCUSDT
2026-03-10 16:20:31,860 | INFO     | cryptobot.main | [BTCUSDT] Price: 70692.65, CVD: -13.270310000005418, Delta: 3.9753800000000012, Volume: 31831.01368
2026-03-10 16:20:31,860 | ERROR    | cryptobot.websocket | Error dispatching event: 'AbsorptionDetector' object has no attribute 'analyze_bar'
2026-03-10 16:20:31,860 | DEBUG    | cryptobot.websocket | Received message: {"stream":"btcusdt@trade","data":{"e":"trade","E":1773139824783,"s":"BTCUSDT","t":6087593644,"p":"70705.02000000","q":"0.02000000","T":1773139824781,"m":false,"M":true}}...
2026-03-10 16:20:31,860 | DEBUG    | cryptobot.websocket | Combined stream: btcusdt@trade
2026-03-10 16:20:31,860 | INFO     | cryptobot.main | Running strategy analysis for BTCUSDT
2026-03-10 16:20:31,860 | INFO     | cryptobot.main | [BTCUSDT] Price: 70692.65, CVD: -13.250310000005419, Delta: 3.995380000000001, Volume: 31831.01368
2026-03-10 16:20:31,860 | ERROR    | cryptobot.websocket | Error dispatching event: 'AbsorptionDetector' object has no attribute 'analyze_bar'
2026-03-10 16:20:31,860 | DEBUG    | cryptobot.websocket | Received message: {"stream":"btcusdt@trade","data":{"e":"trade","E":1773139824783,"s":"BTCUSDT","t":6087593645,"p":"70705.06000000","q":"0.00021000","T":1773139824781,"m":false,"M":true}}...
2026-03-10 16:20:31,860 | DEBUG    | cryptobot.websocket | Combined stream: btcusdt@trade
2026-03-10 16:20:31,860 | INFO     | cryptobot.main | Running strategy analysis for BTCUSDT
2026-03-10 16:20:31,860 | INFO     | cryptobot.main | [BTCUSDT] Price: 70692.65, CVD: -13.25010000000542, Delta: 3.995590000000001, Volume: 31831.01368
2026-03-10 16:20:31,860 | ERROR    | cryptobot.websocket | Error dispatching event: 'AbsorptionDetector' object has no attribute 'analyze_bar'
2026-03-10 16:20:31,860 | DEBUG    | cryptobot.websocket | Received message: {"stream":"btcusdt@trade","data":{"e":"trade","E":1773139824783,"s":"BTCUSDT","t":6087593646,"p":"70705.13000000","q":"0.00015000","T":1773139824781,"m":false,"M":true}}...
2026-03-10 16:20:31,860 | DEBUG    | cryptobot.websocket | Combined stream: btcusdt@trade
2026-03-10 16:20:31,860 | INFO     | cryptobot.main | Running strategy analysis for BTCUSDT
2026-03-10 16:20:31,860 | INFO     | cryptobot.main | [BTCUSDT] Price: 70692.65, CVD: -13.24995000000542, Delta: 3.9957400000000005, Volume: 31831.01368
2026-03-10 16:20:31,860 | ERROR    | cryptobot.websocket | Error dispatching event: 'AbsorptionDetector' object has no attribute 'analyze_bar'
2026-03-10 16:20:31,860 | DEBUG    | cryptobot.websocket | Received message: {"stream":"btcusdt@trade","data":{"e":"trade","E":1773139824783,"s":"BTCUSDT","t":6087593647,"p":"70705.15000000","q":"0.00029000","T":1773139824781,"m":false,"M":true}}...
2026-03-10 16:20:31,860 | DEBUG    | cryptobot.websocket | Combined stream: btcusdt@trade
2026-03-10 16:20:31,860 | INFO     | cryptobot.main | Running strategy analysis for BTCUSDT
2026-03-10 16:20:31,860 | INFO     | cryptobot.main | [BTCUSDT] Price: 70692.65, CVD: -13.24966000000542, Delta: 3.99603, Volume: 31831.01368
2026-03-10 16:20:31,860 | ERROR    | cryptobot.websocket | Error dispatching event: 'AbsorptionDetector' object has no attribute 'analyze_bar'
2026-03-10 16:20:31,860 | DEBUG    | cryptobot.websocket | Received message: {"stream":"btcusdt@trade","data":{"e":"trade","E":1773139824783,"s":"BTCUSDT","t":6087593648,"p":"70705.64000000","q":"0.00011000","T":1773139824781,"m":false,"M":true}}...
2026-03-10 16:20:31,860 | DEBUG    | cryptobot.websocket | Combined stream: btcusdt@trade
2026-03-10 16:20:31,860 | INFO     | cryptobot.main | Running strategy analysis for BTCUSDT
2026-03-10 16:20:31,860 | INFO     | cryptobot.main | [BTCUSDT] Price: 70692.65, CVD: -13.24955000000542, Delta: 3.9961400000000005, Volume: 31831.01368
2026-03-10 16:20:31,860 | ERROR    | cryptobot.websocket | Error dispatching event: 'AbsorptionDetector' object has no attribute 'analyze_bar'
2026-03-10 16:20:31,860 | DEBUG    | cryptobot.websocket | Received message: {"stream":"btcusdt@trade","data":{"e":"trade","E":1773139824783,"s":"BTCUSDT","t":6087593649,"p":"70705.75000000","q":"0.00554000","T":1773139824781,"m":false,"M":true}}...
2026-03-10 16:20:31,860 | DEBUG    | cryptobot.websocket | Combined stream: btcusdt@trade
2026-03-10 16:20:31,860 | INFO     | cryptobot.main | Running strategy analysis for BTCUSDT
2026-03-10 16:20:31,860 | INFO     | cryptobot.main | [BTCUSDT] Price: 70692.65, CVD: -13.24401000000542, Delta: 4.00168, Volume: 31831.01368
2026-03-10 16:20:31,860 | ERROR    | cryptobot.websocket | Error dispatching event: 'AbsorptionDetector' object has no attribute 'analyze_bar'
2026-03-10 16:20:31,860 | DEBUG    | cryptobot.websocket | Received message: {"stream":"btcusdt@trade","data":{"e":"trade","E":1773139824783,"s":"BTCUSDT","t":6087593650,"p":"70705.96000000","q":"0.00008000","T":1773139824781,"m":false,"M":true}}...
2026-03-10 16:20:31,860 | DEBUG    | cryptobot.websocket | Combined stream: btcusdt@trade
2026-03-10 16:20:31,860 | INFO     | cryptobot.main | Running strategy analysis for BTCUSDT
2026-03-10 16:20:31,860 | INFO     | cryptobot.main | [BTCUSDT] Price: 70692.65, CVD: -13.24393000000542, Delta: 4.00176, Volume: 31831.01368
2026-03-10 16:20:31,860 | ERROR    | cryptobot.websocket | Error dispatching event: 'AbsorptionDetector' object has no attribute 'analyze_bar'
2026-03-10 16:20:31,860 | DEBUG    | cryptobot.websocket | Received message: {"stream":"btcusdt@trade","data":{"e":"trade","E":1773139824783,"s":"BTCUSDT","t":6087593651,"p":"70706.02000000","q":"0.00009000","T":1773139824781,"m":false,"M":true}}...
2026-03-10 16:20:31,860 | DEBUG    | cryptobot.websocket | Combined stream: btcusdt@trade
2026-03-10 16:20:31,860 | INFO     | cryptobot.main | Running strategy analysis for BTCUSDT
2026-03-10 16:20:31,860 | INFO     | cryptobot.main | [BTCUSDT] Price: 70692.65, CVD: -13.24384000000542, Delta: 4.00185, Volume: 31831.01368
2026-03-10 16:20:31,860 | ERROR    | cryptobot.websocket | Error dispatching event: 'AbsorptionDetector' object has no attribute 'analyze_bar'
2026-03-10 16:20:31,860 | DEBUG    | cryptobot.websocket | Received message: {"stream":"btcusdt@trade","data":{"e":"trade","E":1773139824783,"s":"BTCUSDT","t":6087593652,"p":"70706.17000000","q":"0.00707000","T":1773139824781,"m":false,"M":true}}...
2026-03-10 16:20:31,860 | DEBUG    | cryptobot.websocket | Combined stream: btcusdt@trade
2026-03-10 16:20:31,860 | INFO     | cryptobot.main | Running strategy analysis for BTCUSDT
2026-03-10 16:20:31,860 | INFO     | cryptobot.main | [BTCUSDT] Price: 70692.65, CVD: -13.23677000000542, Delta: 4.00892, Volume: 31831.01368
2026-03-10 16:20:31,860 | ERROR    | cryptobot.websocket | Error dispatching event: 'AbsorptionDetector' object has no attribute 'analyze_bar'
2026-03-10 16:20:31,860 | DEBUG    | cryptobot.websocket | Received message: {"stream":"btcusdt@trade","data":{"e":"trade","E":1773139824783,"s":"BTCUSDT","t":6087593653,"p":"70706.19000000","q":"0.00200000","T":1773139824781,"m":false,"M":true}}...
2026-03-10 16:20:31,860 | DEBUG    | cryptobot.websocket | Combined stream: btcusdt@trade
2026-03-10 16:20:31,860 | INFO     | cryptobot.main | Running strategy analysis for BTCUSDT
2026-03-10 16:20:31,860 | INFO     | cryptobot.main | [BTCUSDT] Price: 70692.65, CVD: -13.234770000005419, Delta: 4.01092, Volume: 31831.01368
2026-03-10 16:20:31,860 | ERROR    | cryptobot.websocket | Error dispatching event: 'AbsorptionDetector' object has no attribute 'analyze_bar'
2026-03-10 16:20:31,860 | DEBUG    | cryptobot.websocket | Received message: {"stream":"btcusdt@trade","data":{"e":"trade","E":1773139824783,"s":"BTCUSDT","t":6087593654,"p":"70706.76000000","q":"0.50797000","T":1773139824781,"m":false,"M":true}}...
2026-03-10 16:20:31,860 | DEBUG    | cryptobot.websocket | Combined stream: btcusdt@trade
2026-03-10 16:20:31,860 | INFO     | cryptobot.main | Running strategy analysis for BTCUSDT
2026-03-10 16:20:31,860 | INFO     | cryptobot.main | [BTCUSDT] Price: 70692.65, CVD: -12.726800000005419, Delta: 4.51889, Volume: 31831.01368
2026-03-10 16:20:31,860 | ERROR    | cryptobot.websocket | Error dispatching event: 'AbsorptionDetector' object has no attribute 'analyze_bar'
2026-03-10 16:20:31,860 | DEBUG    | cryptobot.websocket | Received message: {"stream":"btcusdt@trade","data":{"e":"trade","E":1773139824783,"s":"BTCUSDT","t":6087593655,"p":"70706.79000000","q":"0.15970000","T":1773139824781,"m":false,"M":true}}...
2026-03-10 16:20:31,860 | DEBUG    | cryptobot.websocket | Combined stream: btcusdt@trade
2026-03-10 16:20:31,860 | INFO     | cryptobot.main | Running strategy analysis for BTCUSDT
2026-03-10 16:20:31,860 | INFO     | cryptobot.main | [BTCUSDT] Price: 70692.65, CVD: -12.567100000005418, Delta: 4.67859, Volume: 31831.01368
2026-03-10 16:20:31,860 | ERROR    | cryptobot.websocket | Error dispatching event: 'AbsorptionDetector' object has no attribute 'analyze_bar'
2026-03-10 16:20:31,860 | DEBUG    | cryptobot.websocket | Received message: {"stream":"btcusdt@trade","data":{"e":"trade","E":1773139824783,"s":"BTCUSDT","t":6087593656,"p":"70706.94000000","q":"0.00357000","T":1773139824781,"m":false,"M":true}}...
2026-03-10 16:20:31,860 | DEBUG    | cryptobot.websocket | Combined stream: btcusdt@trade
2026-03-10 16:20:31,860 | INFO     | cryptobot.main | Running strategy analysis for BTCUSDT
2026-03-10 16:20:31,860 | INFO     | cryptobot.main | [BTCUSDT] Price: 70692.65, CVD: -12.563530000005418, Delta: 4.68216, Volume: 31831.01368
2026-03-10 16:20:31,860 | ERROR    | cryptobot.websocket | Error dispatching event: 'AbsorptionDetector' object has no attribute 'analyze_bar'
2026-03-10 16:20:31,860 | DEBUG    | cryptobot.websocket | Received message: {"stream":"btcusdt@trade","data":{"e":"trade","E":1773139824783,"s":"BTCUSDT","t":6087593657,"p":"70707.50000000","q":"0.00300000","T":1773139824781,"m":false,"M":true}}...
2026-03-10 16:20:31,860 | DEBUG    | cryptobot.websocket | Combined stream: btcusdt@trade
2026-03-10 16:20:31,860 | INFO     | cryptobot.main | Running strategy analysis for BTCUSDT
2026-03-10 16:20:31,860 | INFO     | cryptobot.main | [BTCUSDT] Price: 70692.65, CVD: -12.560530000005418, Delta: 4.68516, Volume: 31831.01368
2026-03-10 16:20:31,860 | ERROR    | cryptobot.websocket | Error dispatching event: 'AbsorptionDetector' object has no attribute 'analyze_bar'
2026-03-10 16:20:31,860 | DEBUG    | cryptobot.websocket | Received message: {"stream":"btcusdt@trade","data":{"e":"trade","E":1773139824783,"s":"BTCUSDT","t":6087593658,"p":"70707.52000000","q":"0.00141000","T":1773139824781,"m":false,"M":true}}...
2026-03-10 16:20:31,860 | DEBUG    | cryptobot.websocket | Combined stream: btcusdt@trade
2026-03-10 16:20:31,860 | INFO     | cryptobot.main | Running strategy analysis for BTCUSDT
2026-03-10 16:20:31,860 | INFO     | cryptobot.main | [BTCUSDT] Price: 70692.65, CVD: -12.559120000005418, Delta: 4.68657, Volume: 31831.01368
2026-03-10 16:20:31,860 | ERROR    | cryptobot.websocket | Error dispatching event: 'AbsorptionDetector' object has no attribute 'analyze_bar'
2026-03-10 16:20:31,873 | DEBUG    | cryptobot.websocket | Received message: {"stream":"btcusdt@trade","data":{"e":"trade","E":1773139824783,"s":"BTCUSDT","t":6087593659,"p":"70707.80000000","q":"0.00008000","T":1773139824781,"m":false,"M":true}}...
2026-03-10 16:20:31,873 | DEBUG    | cryptobot.websocket | Combined stream: btcusdt@trade
2026-03-10 16:20:31,873 | INFO     | cryptobot.main | Running strategy analysis for BTCUSDT
2026-03-10 16:20:31,873 | INFO     | cryptobot.main | [BTCUSDT] Price: 70692.65, CVD: -12.559040000005417, Delta: 4.686649999999999, Volume: 31831.01368
2026-03-10 16:20:31,873 | ERROR    | cryptobot.websocket | Error dispatching event: 'AbsorptionDetector' object has no attribute 'analyze_bar'
2026-03-10 16:20:31,874 | DEBUG    | cryptobot.websocket | Received message: {"stream":"btcusdt@trade","data":{"e":"trade","E":1773139824783,"s":"BTCUSDT","t":6087593660,"p":"70707.80000000","q":"0.00014000","T":1773139824781,"m":false,"M":true}}...
2026-03-10 16:20:31,874 | DEBUG    | cryptobot.websocket | Combined stream: btcusdt@trade
2026-03-10 16:20:31,874 | INFO     | cryptobot.main | Running strategy analysis for BTCUSDT
2026-03-10 16:20:31,874 | INFO     | cryptobot.main | [BTCUSDT] Price: 70692.65, CVD: -12.558900000005417, Delta: 4.686789999999999, Volume: 31831.01368
2026-03-10 16:20:31,875 | ERROR    | cryptobot.websocket | Error dispatching event: 'AbsorptionDetector' object has no attribute 'analyze_bar'
2026-03-10 16:20:31,875 | DEBUG    | cryptobot.websocket | Received message: {"stream":"btcusdt@trade","data":{"e":"trade","E":1773139824783,"s":"BTCUSDT","t":6087593661,"p":"70707.84000000","q":"0.00008000","T":1773139824781,"m":false,"M":true}}...
2026-03-10 16:20:31,875 | DEBUG    | cryptobot.websocket | Combined stream: btcusdt@trade
2026-03-10 16:20:31,875 | INFO     | cryptobot.main | Running strategy analysis for BTCUSDT
2026-03-10 16:20:31,876 | INFO     | cryptobot.main | [BTCUSDT] Price: 70692.65, CVD: -12.558820000005417, Delta: 4.686869999999999, Volume: 31831.01368
2026-03-10 16:20:31,876 | ERROR    | cryptobot.websocket | Error dispatching event: 'AbsorptionDetector' object has no attribute 'analyze_bar'
2026-03-10 16:20:31,876 | DEBUG    | cryptobot.websocket | Received message: {"stream":"btcusdt@trade","data":{"e":"trade","E":1773139824783,"s":"BTCUSDT","t":6087593662,"p":"70707.96000000","q":"0.00016000","T":1773139824781,"m":false,"M":true}}...
2026-03-10 16:20:31,877 | DEBUG    | cryptobot.websocket | Combined stream: btcusdt@trade
2026-03-10 16:20:31,877 | INFO     | cryptobot.main | Running strategy analysis for BTCUSDT
2026-03-10 16:20:31,877 | INFO     | cryptobot.main | [BTCUSDT] Price: 70692.65, CVD: -12.558660000005418, Delta: 4.687029999999999, Volume: 31831.01368
2026-03-10 16:20:31,877 | ERROR    | cryptobot.websocket | Error dispatching event: 'AbsorptionDetector' object has no attribute 'analyze_bar'
2026-03-10 16:20:31,877 | DEBUG    | cryptobot.websocket | Received message: {"stream":"btcusdt@trade","data":{"e":"trade","E":1773139824783,"s":"BTCUSDT","t":6087593663,"p":"70707.96000000","q":"0.00200000","T":1773139824781,"m":false,"M":true}}...
2026-03-10 16:20:31,877 | DEBUG    | cryptobot.websocket | Combined stream: btcusdt@trade
2026-03-10 16:20:31,877 | INFO     | cryptobot.main | Running strategy analysis for BTCUSDT
2026-03-10 16:20:31,877 | INFO     | cryptobot.main | [BTCUSDT] Price: 70692.65, CVD: -12.556660000005417, Delta: 4.689029999999999, Volume: 31831.01368
2026-03-10 16:20:31,877 | ERROR    | cryptobot.websocket | Error dispatching event: 'AbsorptionDetector' object has no attribute 'analyze_bar'
